1938 3178
523 131 710 168 INDEX
740 131 807 169 OF
838 131 1031 169 GREEK
1061 131 1261 168 WORDS

1624 133 1644 167 [Ο

1652 131 1700 169 {32

90 236 418 275 καταδυναστεύωῖ
448 236 487 274 ii.
513 237 534 272 6
557 238 627 287 οὔχ
647 237 680 274 οἱ
699 236 878 273 πλούσιοι
898 234 1288 273 καταδυναστεύουσιν
1307 236 1431 282 ὖμῶν;

88 304 117 328 θ.
141 291 472 342 κατακαυχάομαιζ
501 291 539 327 ii.
568 292 614 327 13
636 293 913 340 κατακαυχᾶται
948 290 1052 329 ἕλεος
1083 290 1249 339 κρίσεως,
1273 289 1331 326 iii.
1357 290 1405 325 14
1438 289 1492 338 μὴ
1527 306 1705 328 κατακαυ-

201 346 324 395 χᾶσθε
353 345 413 382 καὶ
433 344 615 395 ψεύδεσθε
635 345 729 382 κατὰ
747 346 812 392 τῆς
832 343 1016 392 ἀληθείας.

90 399 310 436 καταλαλέω
329 412 335 435 :
365 399 416 436 iV.
444 399 487 435 11
512 399 565 447 μὴ
578 399 823 436 καταλαλεῖτε
839 398 1029 446 ἀλλήλων·
1045 398 1064 435 5
1081 398 1303 435 καταλαλῶν
1316 396 1483 446 ἀδελφοῦ
1499 399 1706 435 καταλαλεῖ

201 453 326 502 νόμου.

89 508 273 544 κατανοέω
290 521 296 543 :
326 507 350 543 i.
376 507 424 543 23
446 506 549 556 ἀνδρὶ
570 508 807 544 κατανοοῦντι
827 506 869 543 τὸ
889 506 1093 555 πρόσωπον
1113 507 1237 550 αὐτοῦ,
1258 505 1282 542 i.
1308 505 1358 541 24
1380 506 1604 554 κατενόησεν
1632 507 1704 556 γὰρ

201 561 340 599 ἑαυτόν.

92 615 233 664 κατάρα
250 628 257 651 2
287 615 342 651 iii.
369 615 417 651 10
439 615 593 665 εὐλογία
613 615 674 652 καὶ
695 615 846 664 κατάρα.

92 669 324 718 καταράομαι
342 682 349 705 :
380 668 435 705 iii.
460 670 480 705 9
504 672 542 706 ἐν
561 669 655 718 αὐτῇ
675 668 918 717 καταρώμεθα
937 667 1023 707 τοὺς
1043 668 1268 717 ἀνθρώπους.

91 723 362 773 κατεργάζομαι
381 735 387 758 :
417 722 442 760 ἰ.
466 723 488 759 3
509 723 552 760 τὸ
572 722 737 771 δοκίμιον
756 724 855 771 ὑμῶν
874 724 939 771 τῆς
958 722 1119 761 πίστεως
1139 721 1402 772 κατεργάζεται
1420 722 1620 772 ὑπομονήν.

92 777 319 827 κατέρχομαι
338 790 344 812 :
374 776 428 813 iii.
456 778 503 814 15
527 779 592 814 οὐκ
613 777 715 814 ἔστιν
733 777 826 825 αὕτη
845 777 868 825 ἡ
889 777 1011 825 σοφία
1030 776 1170 814 ἄνωθεν
1190 776 1456 826 κατερχομένη.

91 831 165 869 ad.
189 831 372 880 κατήφεια
390 843 397 866 :
427 831 480 867 iv.
505 833 526 865 9
548 832 571 880 ἡ
591 832 691 882 χαρὰ
712 833 762 870 εἷς
782 831 986 879 κατήφειαν
1007 829 1356 880 (μεταστραφήτω).

91 898 156 922 ae.
180 886 313 923 κατιόω
333 898 339 921 :
369 898 405 922 V.
431 886 453 922 3
475 887 496 923 5
515 886 676 936 α”ργυρος
697 885 879 922 κατίωται.

91 953 120 976 c.
144 939 334 987 κατοικίζω
354 952 360 975 ;
390 939 442 976 iv.
466 940 488 975 5
510 940 552 977 τὸ
572 942 715 988 πνεῦμα
736 938 755 976 ὃ
776 942 978 989 κατῴκισεν
1001 937 1066 988 (αῖ.
1091 936 1321 988 κατῴκησεν)
1343 941 1381 976 ἐν
1399 939 1498 987 ἡμῖν.

89 1006 117 1030 6.
142 994 312 1031 καύσων;
342 993 366 1030 i.
392 994 437 1029 11
462 994 648 1031 ἀνέτειλεν
666 995 738 1043 γὰρ
760 995 779 1031 5
800 994 905 1042 ἥλιος
925 993 996 1030 σὺν
1014 995 1066 1042 τῷ
1082 994 1254 1030 καύσωνι.

91 1048 325 1098 καυχάομαιί
355 1047 379 1084 i.
402 1048 423 1084 9
446 1048 648 1098 καυχάσθω
665 1049 684 1085 ὁ
705 1047 869 1095 ἀδελφὸς
888 1048 908 1084 5
938 1046 1108 1086 ταπεινὸς
1144 1049 1181 1084 ἐν
1211 1047 1262 1097 τῷ
1290 1047 1374 1097 ὕψει
1405 1048 1528 1093 αὐτοῦ,
1562 1048 1615 1085 iv.
1657 1049 1703 1085 16

194 1102 427 1175 καυχᾶσθε’
411 1119 449 1140 εν
466 1105 547 1142 ταῖς
565 1103 810 1149 ἀλαζονιαις“
794 1104 903 1151 υμῶν.

89 1170 116 1194 e.
134 1156 338 1222 καύχησις·
358 1157 410 1193 iV.
437 1157 484 1193 16
505 1159 612 1194 πᾶσα
631 1157 813 1207 καύχησις
832 1156 985 1205 τοιαύτη
1004 1156 1157 1205 πονηρά.

93 1210 220 1250 κενόςί
250 1211 291 1246 ii.
315 1211 366 1246 20
405 1210 432 1247 ὦ
452 1211 621 1260 ανθρωπε
641 1211 730 1248 κενέ.

92 1279 121 1301 c.
145 1267 275 1304 κενῶςί
305 1264 359 1301 iv.
381 1263 445 1301 5
426 1282 449 1314 η
479 1264 658 1302 δοκεῖτε’
638 1281 695 1302 οτι
715 1267 823 1304 κενῶς
841 1265 865 1313 ἡ
885 1264 1016 1314 γραφη
1035 1264 1164 1314 λέγεις

91 1319 127 1355 d.
153 1318 348 1368 κερδαίνωί
378 1319 430 1356 iv.
457 1319 503 1355 13
525 1319 586 1356 καὶ
606 1319 924 1368 ἐμπορευσόμεθα,
948 1319 1007 1356 καὶ
1028 1318 1269 1369 κερδήσομεν.
1329 1319 1401 1355 See
1421 1332 1457 1368 p.
1484 1319 1559 1356 CIV.

93 1374 233 1410 κλαίωῖ
262 1373 314 1408 iv.
340 1373 361 1409 9
393 1373 707 1423 ταλαιπωρήσατε
736 1373 797 1410 καὶ
825 1373 1038 1422 πενθήσατε
1070 1373 1131 1410 καὶ
1163 1373 1363 1419 κλαύσατε,
1387 1386 1423 1410 V.
1461 1374 1478 1409 1
1515 1374 1706 1412 κλαύσατε

204 1427 459 1474 ὀλολύζοντες.

94 1481 347 1530 κληρονόμος;
378 1481 418 1518 ii.
441 1481 464 1517 5
487 1481 741 1530 κληρονόμους
759 1483 825 1529 τῆς
843 1481 1056 1529 βασιλείας.

95 1534 262 1573 κλύδωνι
293 1535 317 1571 i.
342 1535 363 1571 6
387 1536 501 1573 ἔοικεν
521 1534 679 1572 κλύδωνι
699 1536 901 1583 θαλάσσης
921 1535 1179 1586 ἀνεμιζομένῳ.

93 1589 124 1626 b.
141 1589 305 1638 κόσμοςῖ
326 1589 350 1625 i.
375 1589 424 1627 27
447 1590 612 1627 ἄσπιλον
632 1590 760 1627 ἑαυτὸν
779 1591 903 1638 τηρεῖν
922 1590 995 1627 ἀπὸ
1007 1592 1073 1626 τοῦ
1087 1590 1244 1639 κόσμου,
1265 1589 1303 1627 ii.
1329 1589 1351 1626 5
1373 1590 1459 1630 τοὺς
1473 1591 1644 1641 πτωχοὺς
1658 1594 1708 1642 τῷ

201 1644 342 1694 κόσμῳ,
364 1644 416 1681 iii.
443 1644 463 1680 6
485 1645 509 1692 ἡ
527 1646 691 1694 γλῶσσα
710 1646 793 1693 πῦρ,
818 1645 838 1681 5
854 1643 996 1693 κόσμος
1015 1646 1080 1692 τῆς
1100 1643 1250 1686 ἀδικίας,
1265 1644 1317 1681 iV.
1334 1644 1357 1680 4
1377 1646 1400 1693 ἡ
1417 1645 1528 1694 φιλία
1543 1648 1609 1683 τοῦ
1622 1646 1709 1683 κόσ-

199 1714 273 1747 μου
294 1698 409 1748 ἔχθρα
423 1700 489 1735 τοῦ
507 1700 602 1735 Θεοῦ
623 1700 737 1736 ἐστιν·
768 1697 808 1737 ὃς
823 1698 886 1735 ἐὰν
904 1698 1081 1748 βουληθῇ
1102 1698 1216 1747 φίλος
1235 1697 1326 1736 εἶναι
1339 1701 1405 1736 τοῦ
1419 1699 1564 1748 κόσμου
1578 1700 1709 1751 ἐχθρὸς

200 1754 266 1790 τοῦ
286 1754 381 1789 Θεοῦ
401 1752 633 1791 καθίσταται.

93 1806 212 1856 κράζω
230 1819 238 1842 2
268 1819 305 1842 V.
329 1806 352 1842 4
373 1807 393 1843 5
412 1806 549 1854 μισθὸς
568 1807 588 1843 5
609 1806 917 1855 ἀφυστερημένος
936 1804 1003 1855 ἀφ’
1023 1808 1122 1855 ὑμῶν
1142 1807 1273 1856 κράζει.

94 1860 207 1910 κρίμα
225 1860 284 1909 (SO
303 1860 361 1896 Ti.
384 1860 511 1908 WVH⁸²
535 1862 649 1910 κρῖμα
667 1861 733 1897 Tr.
755 1860 836 1896 and
857 1859 1011 1911 others)
1030 1874 1038 1896 :
1069 1861 1124 1897 iii.
1152 1863 1168 1897 1
1195 1861 1332 1901 εἰδότες
1351 1861 1408 1899 ὅτι
1436 1863 1565 1911 μεῖζον
1594 1862 1708 1912 κρίμα

202 1914 441 1974 λημψόμεθα.

93 1968 225 2018 κρίνωῑ
255 1968 294 2004 ii.
330 1969 376 2004 12
410 1968 469 2005 διὰ
502 1968 618 2017 νόμου
649 1968 858 2018 ἐλευθερίας
876 1968 1082 2017 μελλοντες
1113 1969 1317 2019 κρίνεσθαι,
1349 1970 1401 2007 iV.
1439 1970 1484 2005 11
1521 1971 1541 2007 5
1576 1987 1708 2020 κρινων

200 2021 367 2069 ἀδελφὸν
387 2023 498 2072 κρίνει
518 2023 641 2071 νόμον,
661 2024 691 2059 εἷ
711 2022 749 2060 δὲ
769 2023 884 2071 νόμον
899 2023 1031 2072 κρίνεις
1051 2041 1081 2060 κ.
1087 2040 1118 2060 τ.
1124 2026 1174 2069 λ.,
1192 2024 1245 2060 iV.
1272 2025 1319 2060 12
1342 2024 1392 2062 σὺ
1411 2024 1467 2064 τίς
1487 2041 1518 2061 ει
1538 2025 1557 2062 5
1575 2025 1654 2074 κρίι
1657 2042 1707 2063 ων

200 2076 265 2114 τὸν
278 2077 426 2125 ἔτερον;
455 2089 490 2113 v.
515 2078 536 2112 9
557 2078 610 2126 μὴ
631 2077 864 2124 στενάζετε“
849 2094 906 2114 ινα
925 2078 978 2126 μὴ
999 2078 1159 2126 κριθητε.

93 2130 237 2180 κρίσις;
266 2130 307 2166 ii.
333 2131 380 2166 13
414 2131 438 2179 ἡ
471 2131 543 2180 γὰρ
578 2131 699 2180 κρίσις
729 2131 879 2171 ἀνέλεος
898 2134 948 2182 τῷ
967 2132 1020 2180 μὴ
1039 2132 1241 2181 ποιήσαντι
1280 2133 1396 2173 ἔλεος·
1429 2136 1706 2184 κατακαυχᾶται

203 2184 306 2224 ἕλεος
325 2184 492 2233 κρίσεως,
514 2198 551 2221 V.
578 2185 625 2221 12
649 2185 707 2223 ἵνα
726 2186 779 2234 μὴ
800 2186 869 2223 ὑπὸ
891 2186 1015 2235 κρίσιν
1034 2186 1186 2235 πέσητε.

94 2238 303 2288 κριτήριον;
333 2239 374 2276 ii.
397 2240 418 2275 6
442 2239 616 2276 ἕλκουσιν
635 2241 728 2288 ὑμᾶς
749 2241 799 2279 εἷς
818 2240 995 2289 κριτήρια.

95 2293 242 2342 κριτήςῑ
267 2292 309 2329 ii.
331 2292 354 2328 4
376 2293 497 2342 κριταὶ
517 2293 774 2343 διαλογισμῶν
793 2297 973 2343 πονηρῶν,
995 2294 1047 2330 iV.
1074 2295 1119 2330 11
1145 2296 1210 2332 οὐκ
1232 2294 1266 2332 εἶ
1282 2296 1438 2344 ποιητὴς
1457 2296 1574 2345 νόμου
1603 2297 1704 2333 ἀλλὰ

201 2347 337 2396 κριτής,
360 2348 412 2383 iV.
439 2348 486 2383 12
523 2347 573 2387 εἶς
602 2348 705 2385 ἔστιν
733 2349 937 2397 νομοθέτης
957 2348 1018 2386 καὶ
1038 2348 1174 2398 κριτής,
1197 2362 1234 2386 V.
1259 2351 1279 2386 9
1317 2351 1337 2387 5
1369 2351 1495 2399 κριτὴς
1527 2351 1600 2400 πρὸ
1633 2353 1705 2388 τῶν

202 2401 322 2450 θυρῶν
346 2401 511 2450 ἕστηκεν.

90 2468 118 2491 e.
143 2455 305 2504 κτίσμαὲ
335 2455 359 2492 i·
386 2456 434 2491 IS
455 2456 628 2506 ἀπαρχήν
646 2473 727 2494 τινα
746 2458 818 2493 τῶν
836 2458 949 2494 αὐτοῦ
969 2458 1193 2506 κτισμάτων.

92 2510 257 2559 Κύριοςζ
286 2509 311 2546 i.
352 2511 369 2545 1
400 2509 542 2558 Κυρίου
572 2509 699 2559 Ἰησοῦ
732 2512 903 2559 Χριστοῦ
932 2510 1075 2555 δοῦλος,
1097 2511 1122 2548 i.
1161 2510 1183 2549 7
1215 2512 1410 2562 λήμψεταί
1438 2529 1474 2549 τι
1504 2514 1606 2562 παρὰ
1638 2516 1704 2550 τοῦ

201 2563 354 2612 Κυρίου,
377 2563 416 2600 ii.
443 2564 459 2599 1
484 2564 552 2612 τὴν
571 2564 700 2602 πίστιν
719 2567 785 2602 τοῦ
805 2565 947 2614 Κυρίου
978 2566 1081 2614 ἡμῶν
1112 2564 1240 2614 Ἰησοῦ
1271 2569 1453 2616 Χριστοῦ,
1487 2567 1543 2602 iii.
1580 2568 1601 2602 9
1637 2567 1704 2604 τὸν

202 2617 343 2666 Κυρίον
362 2618 423 2655 καὶ
443 2618 608 2667 Πατέρα,
639 2619 691 2655 iV.
717 2619 765 2655 10
785 2620 1033 2668 ταπεινώθητε
1054 2620 1206 2657 ἐνώπιον
1226 2623 1292 2658 τοῦ
1314 2621 1467 2667 Κυρίου,
1489 2621 1541 2657 iV.
1568 2621 1616 2658 15
1640 2622 1703 2658 ἐὰν

202 2673 222 2709 5
247 2672 386 2720 Κύριος
406 2672 568 2723 θελήσῃ,
589 2685 626 2709 V.
650 2672 673 2708 4
696 2674 746 2712 εἷς
764 2674 811 2710 τὰ
831 2673 906 2710 ὦτα
937 2674 1080 2723 Κυρίου
1103 2674 1280 2721 Σαβαώθ,
1305 2688 1341 2711 v.
1367 2674 1402 2719 7,
1427 2676 1450 2710 8
1471 2676 1494 2723 ἡ
1514 2675 1704 2724 παρουσία

201 2727 268 2763 τοῦ
287 2725 440 2775 Κυριου,
462 2738 498 2764 V.
526 2727 573 2762 10
596 2729 633 2764 ἐν
652 2728 704 2776 τῷ
723 2727 876 2776 ὀνόματι
896 2728 1048 2777 Κυριόυ,
1068 2741 1105 2765 V.
1133 2729 1177 2764 11
1201 2729 1244 2766 τὸ
1263 2728 1374 2768 τέλος
1402 2729 1545 2796 Κυρίου
1579 2728 1702 2772 εἴδετε,

203 2779 261 2817 ὅτι
305 2780 629 2830 πολύσπλαγχνός
676 2783 779 2818 ἐστιν
820 2782 840 2819 5
888 2783 1037 2832 Κύριος,
1078 2795 1116 2820 V.
1165 2782 1214 2819 14
1256 2799 1293 2820 εν
1330 2784 1380 2832 τῷ
1423 2783 1576 2832 ὀνόματι
1622 2783 1704 2835 (τοῦ

203 2833 345 2884 Κυρίου
356 2832 400 2884 2),
421 2847 458 2871 V.
484 2835 531 2871 15
554 2836 674 2885 εγερεῖ
690 2835 802 2873 αὐτὸν
821 2836 841 2873 5
862 2836 1011 2886 Κύριος.
1069 2836 1141 2873 See
1161 2849 1225 2886 pp.
1248 2836 1371 2881 clviii,
1393 2836 1482 2874 clxi.
