1938 3178
300 142 588 180 RELATION
616 142 683 179 TO
713 142 902 179 OTHER
931 141 1111 179 BOOKS
1141 141 1209 179 OF
1237 142 1351 178 THE
1380 141 1480 179 N.T.
1611 142 1705 179 xciii

139 247 191 283 111.
212 249 256 281 26
274 248 397 282 πάντες
413 247 480 292 γὰρ
498 247 563 280 υἱοὶ
582 249 669 280 Θεοῦ
687 245 768 280 ἐστὲ
788 246 842 279 διὰ
864 247 924 290 τῆς
947 245 1097 281 πίστεως
1115 245 1150 279 ἐν
1168 249 1207 280 Χ.
1228 246 1275 288 ’1.,
1295 245 1342 280 iV.
1364 247 1384 279 6
1402 245 1456 280 ὅτι
1475 246 1511 279 δέ
1529 247 1608 281 ἐστέ
1629 249 1706 292 υἱοί,

92 295 373 339 εξαπέστειλεν(
357 310 375 328 ο
394 295 479 329 Θεὸς
495 295 534 327 τὸ
551 308 685 346 πνευμα
710 297 771 328 τοῦ
797 295 878 327 Υἱοῦ
907 293 1010 327 αὐτοῦ
1030 294 1077 328 εἷς
1093 294 1154 328 τὰς
1172 294 1312 338 καρδίας
1336 294 1428 338 ὑμῶν
1446 294 1568 338 κρᾶζον
1592 295 1706 336 Ἀββᾶ

93 345 111 377 ὁ
130 341 273 387 Πατήρῑ
300 341 449 375 James
440 352 462 375 1.
486 343 539 383 18,
558 341 605 375 iV.
626 344 657 374 5.

140 389 191 423 iv.
211 391 348 422 22—31
374 388 436 422 the
460 399 525 421 son
548 386 588 421 of
610 387 672 421 the
693 386 827 420 bondw
830 398 939 420 0111311
957 386 1029 420 and
1048 387 1109 421 the
1127 398 1192 420 son
1211 386 1250 420 of
1265 386 1327 420 the
1346 386 1429 429 free,
1451 387 1584 420 Mount
1603 388 1678 421 Sin·
1674 389 1707 422 -ιί

93 437 164 470 and
185 435 388 494 Jerusalem
412 434 533 468 which
556 435 587 468 is
610 435 733 475 above,
754 446 786 468 V.
809 437 851 468 13
867 433 923 469 ἐπ’
941 434 1119 480 ἐλευθερίᾳ
1138 434 1314 478 ἐκλήθητε,
1337 446 1410 469 ver.
1434 437 1476 468 18
1495 436 1524 468 εἰ
1541 450 1708 481 πνευματι

93 484 224 530 (ἰγεσθε
242 483 301 517 οὐκ
319 482 399 517 ε’στὲ
418 483 484 516 ὑπὸ
502 483 627 527 νόμονζ
654 462 804 516 Jan'oes
795 493 816 515 1.
838 481 951 523 25,11.
974 484 1026 516 12.

141 543 174 565 V.
193 534 215 565 3
238 530 422 575 ὀφειλέτης
445 530 541 564 εστὶν
563 530 673 563 ὅλον
696 530 774 563 τὸν
797 530 937 587 νωόμον
958 530 1184 573 ποιῆσαιῑ
1211 528 1361 562 Janles
1352 528 1391 563 11.
1413 531 1455 563 10
1479 529 1578 565 ὅστις
1596 530 1709 564 ὅλον

92 593 111 612 τ
122 580 140 613 ὸ
152 593 169 612 ν
192 593 209 612 ν
221 580 238 612 6
248 593 273 622 μ
284 592 302 611 ο
314 592 331 611 ν
347 592 366 611 τ
376 592 395 621 η
406 591 427 622 ρ
439 576 458 621 ἡ
470 592 495 612 a·
505 592 525 620 ῃ
547 577 678 620 πταίσῃ
697 576 769 610 δε’
753 592 788 611 εν
806 577 864 615 ἑνί,
883 575 1026 622 γέγονεν
1043 578 1177 610 πάντων
1194 576 1326 621 ἔνοχος,

142 637 174 660 V.
197 626 237 660 17
263 624 281 668 ἡ
309 625 402 682 σὰρξ
425 624 583 669 ἐπιθυμεῖ
600 625 684 658 κατὰ
705 627 765 658 τοῦ
784 622 985 669 πνεύματος,
1003 625 1043 658 τὸ
1061 624 1097 658 δέ
1115 627 1248 669 πνεῦμα
1265 624 1349 658 κατὰ
1366 625 1425 668 τῆς
1444 626 1583 670 σαρκός,
1601 628 1709 659 ταῦτα

92 675 146 718 γίι
148 689 159 707 )
178 671 344 716 ἀλλήλοις
362 671 563 706 ἀντίκειται;
589 671 715 705 «1311163
732 671 780 705 iv.
803 674 836 710 4,
856 674 887 705 5.

143 720 188 754 vi.
208 722 229 754 9
251 721 291 754 τὸ
310 720 414 754 καλὸν
431 721 606 754 ποιοῦντες
622 719 668 764 μὴ
686 719 890 764 ε’γκακῶμεν·
922 719 1029 766 καιρῷ
1046 719 1114 764 γὰρ
1133 718 1206 765 ἰδίῳ
1225 718 1409 764 θερίσομεν
1426 718 1470 763 μὴ
1488 719 1684 764 ἐκλυόμενοι
1701 731 1708 753 2

93 767 217 801 James
236 778 268 802 v.
288 768 318 801 7.

93 866 278 906 Romans
305 864 410 919 (A.D.
433 865 566 919 58)—

141 953 188 988 ἦ.
210 956 264 996 16,
290 956 330 988 17
351 953 408 997 (τὸ
427 953 640 998 εὐαγγέλιον)
661 951 854 998 δυναμις
881 956 996 988 Θεοῦ
1021 954 1158 989 ἐστιν
1183 954 1248 989 εἷς
1274 955 1512 1000 σωτηρίαν
1535 955 1636 989 παντὶ
1661 956 1709 1003 τῷ

93 1000 304 1036 πιστεύοντι.
314 1001 361 1035 ..δ
373 1015 383 1034 ι
396 1015 414 1034 κ
426 1016 446 1034 α
458 1015 468 1034 ι
480 1015 497 1034 ο
509 1016 534 1035 σ
545 999 563 1034 ὑ
575 1016 593 1035 ν
604 1015 623 1043 η
648 1015 672 1047 γ
683 1001 703 1034 ὰ
714 1016 735 1047 ρ
762 1006 790 1034 Θ
804 1016 818 1034 ε
831 1017 848 1035 ο
860 1004 878 1035 ῦ
903 1017 939 1036 εν
966 1002 1057 1050 αὐτῷ
1087 1000 1377 1045 ἀποκαλυπτεται,
1405 1002 1448 1037 Cf.
1477 1002 1528 1036 iii.
1554 1004 1610 1045 21,
1639 1005 1707 1036 25:

94 1048 217 1082 5311188
249 1048 272 1082 1.
308 1028 350 1081 21
392 1048 543 1091 δέξασθε
578 1049 637 1082 τὸν
671 1049 825 1093 ἔμφυτον
857 1049 1000 1095 λογον
1034 1050 1113 1084 τὸν
1148 1049 1407 1094 δυνάμενον
1441 1053 1595 1084 σῶσαι
1629 1065 1709 1085 τας

96 1096 253 1141 ψυχὰς
276 1096 380 1140 ὑμῶν,
398 1105 474 1129 vel*-
501 1097 546 1129 20
572 1095 657 1141 ὀργὴ
685 1095 807 1141 ἀνδρὸς
833 1100 949 1131 Θεοῦ
973 1095 1284 1140 δικαιοσύνην
1307 1111 1367 1131 ουκ
1392 1098 1579 1143 ἐργάζεται.
1630 1097 1709 1131 The

96 1143 227 1188 phrase
246 1144 307 1178 δικ.
329 1148 368 1176 Θ.
391 1143 422 1176 13
439 1142 549 1176 taken
568 1142 663 1176 from
683 1142 807 1177 Mle-ah
825 1143 873 1177 vi.
894 1146 926 1178 5.

143 1190 182 1225 11.
204 1193 220 1224 1
249 1190 276 1224 ὦ
298 1189 512 1235 ἄνθρωπε
541 1192 608 1225 πᾶς
630 1192 648 1223 6
674 1191 876 1236 κρίνων..
884 1192 937 1226 ,τὰ
955 1192 1022 1237 γὰρ
1041 1191 1127 1225 αὐτὰ
1143 1192 1318 1237 πράσσεις
1337 1194 1354 1226 ὁ
1383 1192 1561 1237 κρίνων,
1589 1191 1706 1228 01.1Χ.

95 1240 163 1272 20:
190 1237 339 1271 James
330 1237 370 1271 11.
388 1240 434 1271 20
460 1236 485 1270 ὦ
511 1237 624 1283 ἅνθρ
637 1252 663 1271 ω
677 1252 730 1272 πε
755 1241 838 1279 κενέ,
859 1239 907 1272 iV.
930 1241 968 1272 11
990 1238 1127 1284 quoted
1144 1238 1262 1272 below
1281 1251 1329 1272 on
1347 1239 1420 1274 xiv.
1440 1241 1472 1273 4.

143 1285 204 1319 fii.
225 1288 244 1318 5
264 1285 572 1343 θησαυρίζεις
590 1287 725 1319 σεαυτῶ
743 1285 848 1330 ὀργὴν
866 1286 910 1320 ἐν
928 1286 1073 1331 ἡμέρᾳ
1092 1286 1405 1332 6pyf15:2lunes
1422 1298 1454 1320 V.
1472 1289 1493 1321 3
1495 1287 1707 1346 ἐθησαυ-

96 1333 266 1378 ρίσατε
291 1347 336 1367 εν
365 1332 595 1377 ἐσχάταις
628 1321 836 1378 ἡμέραις,
866 1344 938 1367 v.er
971 1336 991 1366 5
1021 1334 1197 1379 ἐθρέψατε
1225 1335 1287 1369 τὰς
1316 1335 1455 1380 καρδίας
1485 1335 1529 1368 ἐν
1562 1334 1710 1380 ἡμέρᾳ

97 1395 122 1415 σ
133 1381 163 1425 φ
175 1395 229 1426 αγ
240 1382 258 1424 ἢ
271 1395 295 1415 ς.
347 1379 445 1413 Both
470 1378 634 1413 founded
654 1391 701 1413 on
715 1379 957 1439 precedents
948 1391 985 1413 11]
1006 1380 1046 1414 O.
1052 1380 1092 1414 Τ.

143 1427 205 1462 fii.
228 1430 270 1461 13
288 1427 327 1461 οὐ
343 1427 411 1473 γὰρ
430 1427 469 1460 οἱ
495 1426 725 1472 ἀκροαταὶ
751 1428 892 1472 νόμου
916 1428 1036 1461 δίκαιοι
1053 1428 1148 1473 παρὰ
1165 1429 1212 1462 τῶ
1233 1430 1318 1476 Θεῷ,
1338 1427 1436 1462 ἀλλ’
1453 1429 1493 1462 οἶ
1518 1429 1710 1473 ποιηταὶ

97 1476 238 1520 νόμου
268 1472 699 1534 δικαιωθήσονται.
738 1474 862 1508 James
890 1474 912 1508 1.
941 1477 985 1508 22
1014 1475 1154 1534 γίνεσθε
1183 1477 1377 1518 ποιηταὶ
1402 1477 1549 1522 λόγου
1575 1478 1629 1511 καὶ
1654 1477 1709 1521 μὴ

97 1521 118 1556 ἀ
129 1537 147 1556 κ
158 1537 178 1568 ρ
191 1538 208 1557 ο
220 1537 270 1556 ατ
282 1537 302 1556 α
313 1523 325 1555 ὶ
349 1537 373 1567 μ
385 1523 402 1555 ό
414 1537 431 1556 ν
442 1536 460 1555 ο
471 1536 501 1563 ν,
522 1524 566 1554 25
586 1523 604 1555 ὁ
622 1521 658 1555 δε
676 1520 888 1567 παρακύψας
912 1523 959 1557 εἰς
984 1537 1001 1557 ν
1013 1524 1030 1556 6
1041 1538 1065 1567 μ
1077 1538 1094 1556 ο
1107 1538 1124 1557 ν
1149 1524 1281 1557 τέλειον
1303 1525 1362 1558 τὸν
1387 1538 1446 1566 της
1468 1524 1707 1577 ελευθερίας..

97 1569 175 1604 οὐκ
201 1569 460 1615 ἀκροατὴς..
469 1570 734 1627 ,γενόμενος
759 1569 852 1603 ἀλλὰ
876 1570 1074 1614 ποιητὴς
1098 1570 1213 1616 ἔργου,
1234 1570 1331 1606 οὗτος
1348 1573 1523 1617 μακάριος,
1542 1572 1710 1615 61ζ11.24,

96 1617 145 1651 iV.
168 1620 208 1651 11
228 1616 424 1660 ποιητὴς
449 1618 600 1661 νόμου.

144 1665 182 1699 11.
204 1666 342 1699 11—24
365 1675 412 1698 011
429 1664 591 1697 teaellers
608 1662 690 1697 who
708 1662 754 1697 do
772 1667 837 1697 not
853 1663 1008 1709 praetise
1027 1664 1125 1699 what
1142 1664 1231 1710 they
1249 1665 1352 1699 teaeh
1369 1677 1376 1699 :
1403 1665 1424 1700 J
1429 1677 1527 1700 ames
1544 1666 1596 1700 111.
1620 1669 1636 1700 1
1663 1678 1711 1700 011

98 1722 387 1757 over-eagerness
403 1714 440 1745 to
458 1710 561 1744 teach
579 1711 650 1744 and
670 1710 731 1744 the
749 1710 902 1764 dangers
920 1712 959 1745 01
973 1711 1151 1757 teachino.

146 1759 208 1793 fii.
237 1762 281 1793 25
307 1759 365 1793 εὰν
394 1773 420 1793 π
432 1773 453 1792 α
463 1773 483 1804 ρ
496 1773 517 1792 α
527 1759 582 1799 β
563 1774 583 1792 α
594 1773 614 1792 τ
625 1773 643 1802 η
657 1773 672 1794 ς
694 1774 711 1793 ν
724 1760 741 1792 ό
751 1774 776 1804 μ
787 1773 805 1792 ο
816 1774 835 1793 υ
860 1773 900 1803 ης
926 1758 945 1802 ἡ
971 1761 1136 1805 περιτομή
1156 1775 1221 1795 σου
1239 1760 1454 1806 ακροβυστία
1470 1765 1620 1807 γέγονεν,
1635 1773 1708 1795 vel.

98 1809 161 1843 27;
189 1806 339 1840 James
330 1806 367 1840 11.
390 1808 429 1839 11
451 1807 479 1840 εἰ
497 1806 533 1840 δέ
552 1805 590 1839 οὐ
607 1806 779 1851 μοιχεύεις
795 1806 953 1851 φονεύεις
971 1807 1018 1850 δι’,
1035 1822 1179 1853 γεγονας
1196 1823 1222 1842 π
1234 1823 1285 1854 αρ
1298 1809 1416 1850 αβάτ
1428 1824 1446 1852 η
1459 1824 1475 1844 ς
1500 1825 1517 1844 ν
1530 1810 1581 1854 όμ
1593 1825 1610 1843 ο
1622 1823 1650 1843 υ.

145 1854 197 1888 111.
217 1856 262 1888 28
280 1853 489 1899 λογιζόμεθα
514 1854 822 1888 δικαιοῦσθαι
847 1854 989 1889 πίστε
1004 1869 1014 1887 ι
1040 1854 1220 1901 ἄνθρωπον
1245 1870 1337 1901 χωρ
1352 1872 1361 1890 ι
1376 1871 1391 1891 ς
1416 1858 1562 1902 ἔργων
1580 1858 1708 1901 νόμουῑ

98 1901 121 1936 J
125 1913 222 1936 ames
238 1901 276 1935 ii.
296 1903 351 1944 24,
371 1912 486 1946 comp
479 1912 537 1934 are
554 1901 719 1934 remarks
735 1904 773 1934 at
788 1900 851 1934 the
870 1901 962 1935 head
981 1902 1020 1935 of
1036 1902 1111 1936 this
1128 1903 1264 1936 section
1285 1905 1346 1947 (4).

146 1949 508 1992 ἥ1ν.1-5,16-22.
537 1947 629 1981 Paul
647 1948 732 1982 here
750 1948 895 1993 betrays
912 1960 932 1982 3
945 1950 1215 1984 eonsciousness
1232 1950 1312 1984 th1t
1325 1950 1457 1984 Abrah
1453 1962 1509 1984 am
1528 1950 1601 1985 hul
1619 1950 1710 1984 been

99 1996 194 2030 cited
211 2007 249 2030 as
266 2007 313 2029 an
329 2007 385 2029 ex
386 1995 498 2040 zmple
516 1995 554 2029 of
578 1995 706 2038 wmks,
725 1995 797 2029 and
816 1995 953 2030 endeav
957 2007 1040 2030 oms
1056 2001 1094 2030 to
1112 1997 1212 2031 show
1237 1997 1317 2031 that
1334 1997 1396 2032 the
1415 2010 1445 2031 w
1450 1998 1514 2032 0111
1531 1999 1711 2045 λογίζομαι

99 2044 130 2077 13
148 2043 388 2077 inconsistent
405 2042 496 2076 with
514 2042 611 2076 this·
639 2042 761 2076 ι1311163
778 2042 815 2077 11.
835 2045 925 2076 21-
929 2046 984 2078 23.

147 2091 195 2125 iV.
214 2092 260 2124 20
278 2091 323 2125 εἷς
339 2089 399 2133 τὴν
421 2090 630 2136 ἐπαγγελίαν
654 2093 714 2124 τοῦ
740 2093 828 2124 Θεοῦ
853 2091 892 2124 οὐ
918 2091 1130 2144 διεκρίθη
1156 2093 1197 2136 τῇ
1225 2091 1425 2138 ἀπιστίᾳ
1452 2092 1531 2127 ἀλλ’
1557 2094 1710 2128 ἐδυνα-

99 2138 224 2184 μώθη
249 2139 300 2182 τῇ
327 2139 504 2180 πίστει,
523 2138 565 2171 cf.
586 2148 658 2171 ΧΠ.
678 2139 746 2171 23.
774 2137 924 2171 James
915 2149 937 2172 1.
957 2140 989 2181 6,
1008 2138 1045 2172 11.
1064 2141 1095 2173 4.

148 2185 204 2219 *w
225 2187 315 2243 3-5
349 2185 630 2230 καυχώμεθα
665 2185 710 2219 ἐν
739 2186 855 2244 Ηταῖς
884 2185 1130 2231 θλίψεσιν,
1167 2186 1350 2222 εἰδότες
1383 2187 1454 2222 ὅτι
1485 2187 1504 2232 ἡ
1539 2188 1711 2232 θλίψις

101 2232 338 2278 ὑπομονὴν
361 2231 748 2278 κατεργάζεται,“
732 2247 751 2290 η
773 2231 815 2267 δε
838 2232 1043 2278 ὑπομονὴ
1068 2233 1309 2279 δοκιμήν,ε
1294 2250 1312 2278 η
1332 2235 1373 2269 δε
1393 2235 1555 2280 δοκιμὴ
1575 2237 1710 2278 ελπίδα,

101 2279 120 2324 ἦ
147 2281 183 2314 δέ
208 2280 305 2315 ἐλπὶς
332 2280 371 2314 οὐ
395 2280 627 2324 καταισχύνει,
655 2280 709 2314 ὅτι
733 2279 751 2322 ἡ
779 2279 892 2325 ἀγάπη
921 2283 981 2315 τοῦ
1012 2284 1099 2315 Θεοῦ
1126 2282 1313 2327 ε’κκεχυται,
1340 2282 1430 2317 (31.1
1459 2282 1539 2317 Cor.
1569 2286 1637 2318 27-
1641 2286 1709 2318 29:

99 2327 223 2361 James
253 2327 275 2361 1.
303 2329 396 2360 2-4
421 2329 576 2362 πᾶσαν
604 2328 753 2372 χαρὰν
786 2327 1035 2373 ἡγήσασθε
1062 2329 1172 2363 ὅταν
1201 2333 1495 2375 πειρασμοῖς
1521 2335 1710 2377 περιπέ-

102 2389 242 2417 σητε..
243 2376 584 2433 γινώσκοντες
617 2374 689 2409 ὅτι
721 2375 773 2408 τὸ
803 2375 1018 2420 δοκίμιον
1052 2376 1071 2410 ὑ
1085 2379 1175 2420 μῶν
1204 2378 1263 2421 τῆς
1295 2378 1446 2413 πίστεως
1471 2380 1712 2425 κατεργάζεται

101 2421 287 2467 ὑπομονὴν,
306 2421 325 2465 ἡ
352 2422 396 2456 δ
382 2437 397 2455 ε
423 2437 442 2455 υ
453 2437 480 2456 π
491 2437 544 2474 ομ
555 2437 572 2456 ο
584 2437 601 2457 ν
612 2422 631 2466 ὴ
649 2422 749 2467 ἔργον
765 2423 930 2457 τέλειον
913 2426 1020 2469 εχέτω
1038 2422 1092 2458 ι’να
1108 2423 1166 2467 ἧτε
1183 2426 1316 2459 τελειοι.
1370 2425 1488 2470 (Hele
1505 2426 1536 2459 it
1560 2426 1591 2460 13
1611 2438 1711 2460 anle

101 2469 277 2515 probable
302 2469 383 2502 that
408 2468 500 2503 Paul
525 2481 556 2502 13
574 2469 740 2515 workino
766 2480 816 2515 up
842 2481 862 2503 a
887 2469 971 2504 hint
996 2471 1160 2505 mceived
1179 2471 1273 2506 from
1291 2472 1313 2505 J
1317 2484 1425 2517 ames
1443 2472 1533 2506 than
1551 2473 1631 2507 that
1649 2474 1710 2507 the

101 2517 171 2550 less
188 2515 366 2562 complete
383 2516 543 2570 analysis
566 2516 697 2550 should
724 2520 816 2550 have
843 2517 932 2551 been
958 2517 1146 2552 bomowed
1171 2517 1266 2553 from
1289 2519 1352 2553 the
1377 2531 1477 2554 more
1503 2521 1707 2566 complete.)

104 2563 159 2599 Cf.
179 2563 208 2598 a'
215 2575 253 2597 SO
270 2563 420 2597 James
410 2575 433 2598 1.
454 2566 474 2598 9
493 2563 716 2609 καυχάσθω’
699 2579 717 2598 ο
735 2563 922 2610 αδελφὸς
906 2581 941 2599 εν
957 2567 1006 2613 τῷ
1024 2565 1118 2612 υψει.

103 2658 125 2692 J
150 2611 199 2645 Vi.
218 2611 263 2644 23
281 2611 324 2645 τὰ
340 2611 407 2656 γὰρ
425 2610 561 2656 ὀψώνια
577 2613 637 2656 τῆς
654 2612 820 2657 ἁμαρτίας
838 2601 997 2668 θάνατος,
1004 2614 1044 2647 τὸ
1063 2614 1099 2648 δέ
1116 2614 1274 2660 χάρισμα
1290 2618 1353 2649 τοῦ
1371 2617 1457 2649 Θεοῦ
1474 2615 1538 2659 ζωὴ
1556 2616 1710 2651 αἰώνιος-ε

129 2669 227 2692 ames
245 2658 342 2692 1.15.

149 2705 236 2740 >ι41111.
256 2707 301 2739 23
317 2705 476 2746 βλέπω
457 2720 572 2752 ετερον
589 2707 691 2751 νόμον
708 2706 752 2740 ἐν
769 2707 866 2742 τοῖς
883 2707 1082 2752 μέλεσίν
1103 2723 1187 2753 μου
1213 2708 1711 2755 ἀντιστρατευόμενον

101 2753 150 2800 τῷ
175 2754 266 2800 νόμῳ
283 2755 343 2786 τοῦ
369 2754 444 2788 νοός
467 2769 532 2798 μου
557 2754 610 2787 καὶ
636 2754 928 2798 αἰχμαλωτίζοντά
943 2769 986 2799 με
1002 2756 1050 2803 τῷ
1068 2757 1161 2804 νόμῳ
1177 2758 1236 2800 τῆς
1253 2757 1418 2802 ἁμαρτίας
1435 2759 1482 2805 τῷ
1501 2758 1573 2792 ὅντι
1589 2758 1624 2791 ἐν
1640 2759 1711 2792 τοῖς

101 2788 246 2845 μέλεσίν
262 2815 337 2845 μου,
356 2799 398 2834 cf.
419 2800 465 2834 Vi.
487 2803 553 2835 13·
579 2800 729 2835 Jalnes
720 2813 768 2835 IV.
791 2804 806 2835 1
827 2801 933 2836 πόθεν
950 2791 1121 2848 πόλεμοιῐ
1149 2803 1208 2838 οὐκ
1225 2804 1414 2839 ἐντεῦθεν’
1397 2819 1433 2838 εκ
1450 2820 1469 2838 τ
1481 2808 1506 2838 ὦ
1519 2820 1536 2839 ν
1557 2804 1710 2846 ἡδονῶν
