1938 3178
262 169 304 205 lx
674 171 789 207 THE
823 171 1047 208 EPISTLE
1077 170 1145 208 OF
1175 170 1246 208 ST.
1277 171 1462 208 JAMES

308 273 422 311 '‘Sim.
445 275 506 310 vii.
527 278 548 310 4
568 275 619 310 δεῖ
642 277 701 310 τὸν
725 278 952 321 μετανοοῦντα
972 302 998 310 ..
1015 302 1020 308 .
1041 275 1200 320 θλιβῆναι
1227 276 1263 310 ἐν
1287 275 1418 311 πάσαις
1444 275 1595 322 θλίψεσι
1621 291 1676 311 πο
1689 291 1699 310 ι
1712 291 1729 311 κ
1742 277 1817 312 ίλα
1830 291 1840 311 ι
1854 293 1880 319 ς,

264 322 310 356 x'i.
330 324 351 356 3
377 325 518 369 τιμωρεῖ
535 324 657 359 αὐτοὺς
683 339 708 358 π
720 339 738 356 υ
751 339 760 358 ι
775 339 792 357 κ
805 323 816 357 ί
828 326 849 357 λ
863 338 905 358 αι
919 339 934 359 ς
959 324 1133 369 τιμωρίαις
1150 334 1156 357 :
1255 322 1380 357 Jalues
1398 323 1419 357 i.
1441 326 1473 358 2.

308 370 395 406 Sim.
418 371 493 406 viii.
513 374 534 406 3
552 373 591 405 τὸ
610 371 750 416 δένδρον
773 374 872 405 τοῦτο
898 373 935 405 τὸ
961 371 1200 416 μέγα...ν11μος
1227 373 1315 405 Θεοῦ
1342 371 1448 413 ε’στιν,
1468 372 1486 404 ὁ
1505 371 1540 405 δὲ
1568 373 1671 412 νόμος
1688 369 1788 408 οὗτος
1805 373 1879 409 υἱὸς

261 421 349 453 Θεοῦ
367 419 443 453 ε’στι
462 419 643 481 κηρυχθεὶς
661 421 708 455 εἷς
725 420 765 453 τὰ
784 420 915 464 πέρατα
934 420 993 463 τῆς
1009 420 1072 464 γῆς
1088 430 1094 453 :
1192 417 1317 453 James
1335 418 1383 476 iY'
1410 421 1463 453 11.

307 468 422 501 *Simu
436 467 511 501 viii.
526 470 556 501 (3.
570 470 591 500 4
607 472 652 501 ὼν
665 469 698 501 αἱ
715 465 868 512 ῥάβδοι..
877 465 1148 512 ,βεβρωμέναι
1172 465 1246 501 ὑπὸ
1271 465 1394 510 σητός
1411 465 1611 512 ευρέθησαν,
1631 466 1724 502 οὗτοί
1741 468 1830 503 εἶσιν
1847 470 1879 503 οἱ

258 513 452 549 ἀποστάται
479 516 531 549 καὶ
558 514 723 559 προδόται
750 516 806 558 τῆς
832 515 1013 558 ἐκκλησίας
1041 515 1093 548 καὶ
1125 512 1511 575 βλασφημήσαντες
1540 513 1574 548 ἐν
1599 517 1672 551 ταῖς
1700 515 1878 562 ἁμαρτίαις

258 562 368 596 αὐτῶν
385 576 455 596 τον
475 562 634 608 Κύριον,
654 563 702 596 ἔτι
721 562 755 596 δέ
775 561 828 596 καὶ
846 561 1189 608 ἐπαισχυνθέντες
1210 577 1254 596 το
1277 562 1401 607 ὄνομα
1426 562 1575 608 Κυρίου
1592 564 1636 596 τὸ
1654 562 1877 608 ἐπικληθὲν

258 612 274 643 ε’
282 625 307 644 π
342 609 466 644 αυτοὶ
470 622 506 646 ς;
604 610 625 644 J
631 622 728 644 unes
747 610 781 645 ii.
802 614 822 643 (1
842 625 903 644 ουκ
921 625 962 644 αι
965 625 1015 644 τοι
1032 610 1313 654 βλασφημοῦσιν
1329 611 1369 644 τὸ
1387 610 1526 644 καλὸν”
1508 625 1614 655 ονομα
1635 611 1675 644 τὸ
1695 609 1878 656 ἐπικληθὲν

257 656 315 703 ἐφ’
334 656 429 702 ὑμας,
449 658 493 691 cf.
514 669 545 692 v.
567 660 587 691 2
606 658 647 692 τὰ
667 658 779 717 ἱμάτια
797 657 889 702 υμῶν
907 656 1112 703 σητοβρωτα
1129 657 1278 704 γέγονεν

307 706 396 741 Sim.
413 705 490 741 viii.
506 708 538 740 9.
558 708 573 739 1
593 705 687 741 οὗτοι
705 706 774 740 εἶσι
793 707 936 741 πιστοὶ
954 707 1016 751 μὲν
1032 707 1224 766 γεγονότες,
1241 705 1559 750 πλουτήσαντες
1577 705 1612 740 δέ
1632 706 1684 741 καὶ
1702 708 1877 752 γενόμενοι

258 752 391 796 ἔνδοξοι
417 768 506 799 παρα
534 755 604 789 τοῖς
631 753 777 789 ἔθνεσιν
819 754 1114 812 ὑπερηφανίαν
1135 753 1288 799 μεγιῖλην
1316 753 1517 788 ενεδὺσαντο
1545 755 1600 788 καὶ
1629 754 1878 800 ὑψηλόφρονες

258 801 415 847 ἐγενοντο
445 803 498 836 καὶ
528 801 708 837 κατέλιπον
737 817 796 846 την
825 801 1013 846 ἀληθειαν.
1023 800 1114 836 ,ἀλλ’
1145 801 1362 846 ενέμειναν
1390 804 1435 846 τῖ)
1465 802 1608 836 πίστει
1637 817 1688 861 μη
1708 804 1875 848 εργαζό-

257 864 372 892 μενοι
399 864 443 883 τα
471 850 570 908 ἔργα
596 851 666 894 τῆς
690 864 884 893 πιστεως,
906 850 950 883 il).
980 852 1034 884 10.
1053 848 1186 884 3015r0i
1211 850 1300 884 εἰσιν
1317 851 1348 884 οἶ
1366 848 1619 886 πιστεύσαντες
1643 852 1758 894 μόνον,
1778 865 1819 885 τα
1838 851 1874 885 δέ

258 897 341 944 ἔργα
361 898 419 941 τῆς
437 897 577 942 ἀνομίας
596 898 814 957 ε’ργαζομενοι
833 909 839 931 1
938 897 970 931 J·
965 909 1062 931 unes
1080 897 1116 932 11.
1140 900 1191 940 14,
1212 897 1258 932 iv.
1280 900 1312 932 (3.

305 946 393 980 Sim.
421 945 470 980 ix.
508 948 560 979 lb.
589 947 669 990 πρὶν
703 945 912 991 φορέσαι
947 960 1026 980 τον
1061 945 1307 990 ι’ίνθρωπον
1331 946 1380 980 τὸ
1406 944 1551 990 ὄνομα
1579 948 1658 980 τοῦ
1694 946 1768 981 υἱοῦ
1797 949 1877 982 τοῦ

259 998 287 1027 Θ
300 1008 314 1026 ε
327 1007 345 1026 ο
359 995 377 1026 s»
403 995 519 1037 νεκρός
540 993 648 1035 ἐστιν,
670 993 751 1028 ὅταν
781 994 817 1027 δέ
844 994 936 1037 λάβῃ
956 993 1016 1037 τὴν
1037 994 1219 1051 σφραγῖδα
1246 1008 1265 1026 α
1257 993 1418 1028 ’ποτίθ
1431 1007 1530 1028 εται
1556 993 1616 1038 τὴν
1641 993 1805 1039 νέκρωσιν
1821 996 1875 1029 καὶ

258 1040 490 1085 ἀναλαμβάνει
509 1056 568 1085 την
586 1041 684 1085 ζωήν,
705 1041 746 1076 ib.
771 1043 862 1083 14,o
986 1040 1018 1073 1·
1012 1052 1109 1075 *unes
1127 1040 1165 1073 11.
1186 1043 1217 1083 Τ,
1236 1040 1258 1076 1.
1281 1043 1336 1075 21.

305 1088 394 1124 Sim,
425 1089 472 1123 1Χ.
506 1092 547 1122 19
574 1090 592 1122 ὑ
604 1104 658 1123 πο
671 1103 718 1134 κρ
732 1103 802 1122 ιτα
815 1090 825 1122 ὶ
851 1089 905 1123 καὶ
921 1089 950 1123 3
962 1103 972 1122 ι
985 1089 1035 1122 δα
1049 1104 1073 1123 σ
1085 1103 1102 1122 κ
1115 1103 1134 1122 α
1146 1089 1168 1121 λ
1181 1103 1199 1121 ο
1211 1103 1221 1122 ι
1246 1089 1417 1134 πονηρίας,
1453 1088 1498 1133 μὴ
1532 1089 1669 1135 ἔχοντες
1695 1104 1713 1123 κ
1725 1103 1776 1135 αρ
1788 1091 1843 1125 πὸ
1856 1104 1874 1124 ν

258 1135 595 1180 δικαιοσύνης..
606 1151 649 1171 ,οι
675 1139 822 1171 τοιοῦτοι
848 1135 993 1181 ὄνομα
1018 1137 1103 1182 μὲν
1129 1137 1341 1182 ἔχουσιν,
1375 1136 1535 1171 ἀπὸδὲ
1561 1138 1639 1181 τῆς
1664 1138 1875 1175 πίστεως

258 1185 383 1218 κενοί
409 1185 546 1229 εἰσιν,
573 1185 625 1218 καὶ
660 1185 772 1220 οὐδεις
797 1199 834 1218 εν
860 1184 975 1220 αὐτοῖς
1009 1199 1139 1230 κιιρπος
1168 1183 1329 1228 ἀληθείας
1351 1195 1358 1219 t
1456 1183 1581 1218 Jalues
1600 1184 1650 1219 iii.
1682 1187 1711 1228 l,
1743 1187 1796 1229 14,
1819 1188 1872 1230 18,

257 1232 295 1266 ii.
317 1234 371 1276 14,
396 1234 448 1267 17.

304 1259 416 1314 9481111.
436 1280 483 1314 1Χ.
504 1282 546 1314 21
568 1280 725 1326 ὥσπερ
751 1281 794 1314 αἱ
818 1281 1019 1322 βοταναι
1045 1280 1180 1324 ἥλιον
1205 1280 1398 1315 ἰδοῦσαι
1417 1280 1762 1325 ἐξηράνθησαν,
1781 1280 1870 1316 οὕτω

257 1343 309 1362 και
336 1329 377 1362 οἱ
404 1328 520 1374 δίψυ
532 1343 608 1373 χοι
642 1328 723 1363 ὅταν
752 1328 878 1373 θλίψιν
907 1327 1096 1363 ακούσωσι.
1123 1328 1182 1363 ,τὸ
1210 1327 1352 1373 ὄνομα
1379 1327 1759 1374 ἐπαισχυνονται
1793 1332 1873 1364 τοῦ

260 1377 432 1420 Κυριου
459 1387 631 1410 αυτων
730 1375 895 1411 Jamesi.
921 1376 1132 1421 11,8,11.

306 1425 395 1458 Sim.
421 1424 469 1459 ix.
496 1425 551 1459 21.
572 1426 592 1458 2
619 1425 660 1458 τὰ
685 1422 816 1469 ῥήματα
842 1425 949 1458 αὐτῶν
973 1425 1059 1467 μόνα
1085 1423 1181 1467 ζῶσι,
1202 1424 1243 1458 τὰ
1270 1423 1306 1458 δέ
1332 1425 1444 1470 ἔργα
1470 1424 1578 1458 αὐτῶν
1602 1425 1738 1470 νεκρά
1764 1424 1869 1470 ἐστίν,

259 1471 383 1506 .1[ιιη(1.
404 1483 436 1506 x.
461 1475 475 1506 l
496 1484 502 1505 :
601 1471 724 1505 ‚James
744 1471 781 1505 ii.
803 1474 950 1514 15—17‚
970 1474 1024 1506 26.

305 1518 392 1553 Sim.
426 1519 474 1554 ix.
507 1522 550 1553 22
580 1520 761 1555 ἐπαινοῦσι
789 1519 824 1553 δέ
855 1519 994 1555 ἑαυτοὺς
1019 1520 1044 1553 ὡ
1059 1535 1074 1555 ς
1100 1535 1124 1554 σ
1136 1518 1154 1553 ύ
1167 1534 1184 1554 ν
1196 1535 1211 1554 ε
1224 1535 1248 1554 σ
1260 1534 1270 1553 ι
1283 1534 1300 1553 ν
1324 1520 1373 1565 ἕχ
1385 1534 1403 1553 o
1417 1534 1432 1553 ν
1443 1533 1463 1554 τ
1475 1535 1523 1555 ας
1551 1520 1602 1553 καὶ
1638 1519 1718 1554 θέλ
1732 1536 1750 1553 ο
1762 1535 1780 1554 υ
1796 1536 1820 1555 σ
1832 1535 1842 1555 ι
1855 1535 1872 1555 ν

257 1567 274 1601 ε’
285 1567 306 1601 θ
318 1582 333 1601 ε
345 1569 366 1601 λ
379 1582 396 1600 ο
409 1568 428 1602 3
439 1582 449 1601 1.
461 1567 480 1601 3
493 1568 512 1601 (ἱ
525 1583 549 1602 σ
561 1582 579 1601 κ
591 1569 643 1602 αλ
655 1583 696 1602 οι
730 1565 827 1602 εἶναι.
837 1567 919 1602 ..διὰ
948 1566 1073 1611 ταύτην
1114 1567 1174 1612 τὴν
1209 1565 1508 1613 ὑψηλοφροσύνην
1535 1568 1662 1602 πολλοὶ
1705 1569 1722 1603 ε’
1733 1583 1751 1602 κ
1763 1583 1777 1602 ε
1790 1584 1806 1603 ν
1818 1569 1844 1602 ὦ
1858 1589 1869 1594 -

258 1615 408 1658 θησαν
435 1615 671 1661 ὑψοῦντες
698 1614 892 1651 ἑαυτούς
915 1626 921 1649 :
1019 1615 1143 1649 Jalnes
1161 1614 1214 1648 iii.
1236 1618 1265 1658 1,
1288 1618 1340 1658 15,
1360 1615 1398 1649 11.
1418 1617 1473 1649 20.

304 1664 419 1696 *Simu
448 1663 498 1696 ix.
530 1666 574 1697 :23
601 1665 629 1698 εἰ
665 1665 683 1696 ὁ
719 1665 834 1699 Θεὸς
870 1664 919 1697 οὐ
946 1665 1233 1707 μνησικακεῖ
1265 1664 1365 1699 τοῖς
1399 1663 1416 1697 ε’
1427 1663 1871 1710 ξόμολογουμενοις

257 1725 276 1744 τ
289 1711 309 1744 ὰ
323 1726 338 1746 ς
374 1712 579 1757 ἁμαρτία
593 1727 618 1752 ς,
648 1711 851 1756 ἅνθρωπος..
861 1710 1037 1768 ,ανθρώπῳ
1067 1712 1267 1755 μνησικακεῖ
1296 1711 1340 1746 ὡς
1370 1711 1591 1754 δυναμενος
1617 1712 1821 1747 ἀπολέσαι
1850 1712 1868 1757 ἢ

257 1761 391 1793 σῶσαι
423 1760 570 1793 αὐτόν·
563 1786 570 1800 ,
613 1759 734 1793 llaml.
771 1759 833 1793 xii.
869 1762 889 1793 (›
918 1747 1096 1817 φοβήθητε
1129 1759 1197 1792 τὸν
1225 1773 1353 1793 πιιντα
1383 1759 1612 1803 δυνάμενον
1644 1763 1778 1794 σῶσαι
1804 1762 1869 1795 καὶ

256 1805 464 1841 ἀπολέσαι
479 1819 486 1849 ;
584 1806 617 1840 ,11
611 1818 707 1841 unes
725 1807 772 1841 iv.
797 1809 837 1840 12
858 1804 904 1842 εἱς
921 1808 1015 1841 ἔστιν
1032 1806 1217 1852 νομοθέτης
1234 1808 1286 1842 καὶ
1303 1805 1427 1852 κριτής,
1445 1808 1464 1841 ὁ
1482 1807 1666 1852 δυνάμενος
1683 1810 1797 1842 σῶσαι
1815 1809 1870 1842 καὶ

257 1854 437 1889 ἀπολέσαι.

303 1903 416 1936 *sina
437 1902 485 1938 1Χ.
506 1903 589 1936 26
569 1917 704 1948 ωσπερ
723 1902 769 1936 τὰ
788 1902 904 1947 θηρία
924 1902 1160 1961 διαφθείρει
1185 1904 1237 1949 τῷ
1260 1903 1412 1937 ἑαυτῶν
1429 1902 1472 1949 ἰᾧ
1490 1917 1559 1936 τον
1581 1902 1790 1963 ι’ίνθρωπον
1807 1904 1869 1938 καὶ

255 1949 468 1994 απολλύει,
486 1949 571 1984 οὕτω
590 1965 644 1985 και
661 1954 728 1985 τῶν
744 1951 903 1985 τοιούτων
919 1949 1104 2002 ἀνθρώπων
1123 1950 1262 1995 (δολίων
1281 1965 1333 1985 και
1351 1938 1600 1995 καταλάλων)
1618 1952 1661 1985 τὰ
1685 1949 1867 1996 ῥὴμιιτα;

351 1997 383 2031 J
378 2010 475 2032 ames
493 1998 544 2034 iii.
565 2001 586 2032 8
603 2000 756 2044 γλῶσσα
773 1999 882 2044 μεστὴ
900 1999 952 2033 ἷου
971 1998 1218 2044 θανατηφόρου.

303 2046 414 2080 *Sim
434 2046 483 2081 ix.
505 2049 560 2082 31.
579 2049 601 2080 4
620 2047 701 2081 361‘
687 2062 800 2092 υμας.
810 2046 1020 2091 ,βοηθεῖν
1045 2046 1307 2091 ἀλλήλοις..
1316 2047 1463 2093 ,ἑκάστῳ
1488 2047 1566 2090 τῆς
1592 2049 1670 2081 τοῦ
1697 2048 1869 2093 Κυρίου

257 2094 367 2128 ὁδοῦ
404 2095 777 2139 παρεκκλίνοντι
818 2109 973 2129 πασαν
1008 2094 1340 2153 αφαιρουντες
1381 2096 1484 2129 ταῖς
1527 2094 1868 2131 διδασκαλίαις

256 2143 496 2186 πονηρίαν,
525 2142 646 2201 ‹23⁶‹r7rfp
673 2143 726 2176 καὶ
752 2142 814 2188 ἀφ’
851 2143 943 2187 ὑμῶν
978 2142 1097 2184 αὐτῶν,
1134 2143 1205 2176 ἵνα
1240 2157 1257 2176 κ
1273 2156 1317 2176 αι
1344 2144 1362 2175 ὁ
1397 2156 1572 2187 ποιμην
1608 2143 1866 2188 χαρίσηται

256 2190 363 2234 ὑμῖν
390 2190 428 2224 εἷ
454 2191 561 2235 ὑγια
586 2205 695 2225 παντα
724 2193 830 2225 ταῦτα
858 2204 899 2224 τα
926 2190 1215 2224 ἀπολωλότα
1250 2189 1441 2233 δέξεται
1473 2191 1700 2234 προβατα,
1733 2201 1766 2225 Χ.
1793 2193 1825 2225 4.
1845 2194 1866 2224 3

256 2237 459 2281 Ιιιςμιςιηοιῖὶ
493 2239 649 2271 (mimam
685 2251 747 2282 ηιιι
782 2237 913 2272 liberat
945 2250 1113 2282 maynum
1143 2237 1211 2271 silui
1237 2237 1409 2280 (laudium
1452 2237 1643 2281 adquiret..
1652 2237 1730 2283 ,qui
1759 2249 1832 2272 nox
1836 2238 1865 2272 it

254 2284 461 2330 angustiam
491 2285 569 2329 eju>-
596 2290 632 2319 ct
659 2297 733 2319 non
760 2285 911 2319 redimit
937 2296 1027 2328 eam,
1065 2297 1232 2328 ιηιιηηιιηι
1256 2289 1440 2329 peccatum
1463 2284 1622 2318 admittit
1650 2290 1686 2319 et
1714 2285 1755 2319 fit
1783 2296 1866 2320 reus

256 2332 444 2377 sanguinis
462 2333 540 2378 ejus
557 2344 563 2367 ε
662 2332 785 2367 James
803 2344 836 2367 v.
858 2336 911 2376 19,
931 2335 988 2378 20,
1006 2332 1057 2368 iii.
1080 2335 1110 2367 1.

302 2380 403 2414 sssis.
424 2380 446 2414 i.
469 2383 496 2414 1.
517 2382 537 2413 8
556 2381 612 2415 ἐπὶ
630 2381 690 2425 τὴν
707 2381 845 2426 καρδίαν
863 2395 928 2416 σου
947 2380 1050 2424 ἀνέβη
1069 2380 1087 2424 ἡ
1115 2380 1342 2425 ἐπιθυμία
1366 2381 1426 2425 τῆς
1450 2380 1865 2426 πονηρίας...ἁμαρτία

254 2427 296 2487 γε’
330 2428 347 2461 ε’
359 2443 435 2462 στι
472 2428 525 2462 καὶ
558 2429 690 2474 μεγάλη
708 2457 715 2464 .
732 2457 738 2464 .
759 2456 765 2463 .
785 2430 816 2463 οἶ
850 2443 978 2475 πονηρα
1012 2430 1258 2474 βουλευομενοι
1292 2428 1328 2462 ἐν
1360 2430 1433 2464 ταῖς
1474 2429 1625 2473 καρδίαις
1666 2428 1718 2463 θ
1699 2444 1718 2462 α
1731 2443 1837 2463 νατο
1849 2443 1867 2463 ν

255 2477 391 2510 ἑαυτο
401 2477 415 2509 ἶ
427 2491 442 2511 ς
467 2477 484 2510 ε’
495 2490 543 2510 πι
557 2491 618 2510 σπ
631 2480 655 2510 ὦ
668 2491 746 2511 ντα
759 2492 779 2518 ι,
800 2476 819 2522 ξ
840 2479 908 2510 2.1
930 2480 1004 2512 πῶς
1022 2477 1189 2521 ἱλάσομαι
1215 2490 1274 2510 τον
1300 2477 1387 2510 Θεὸν
1411 2476 1490 2520 περὶ
1516 2479 1582 2510 τῶν
1607 2475 1777 2522 ἁμαρτιῶν
1800 2491 1866 2522 μου

254 2527 341 2558 τῶν
365 2526 443 2557 τελ
457 2539 471 2558 ε
485 2525 495 2558 ί
507 2538 531 2556 ω
545 2538 584 2557 ν·
575 2550 582 2563 ,
612 2536 668 2557 sec
687 2523 802 2558 above
821 2524 949 2559 Mami.
967 2524 1017 2558 iv
1040 2527 1082 2558 1:
1179 2522 1330 2558 ·‘Jan1es
1321 2535 1343 2557 1
1365 2525 1418 2566 14,
1440 2526 1492 2558 15.

308 2570 378 2606 Vis.
406 2571 429 2605 i.
457 2574 477 2604 2
505 2571 596 2617 κάγὼ
622 2570 832 2617 λυπούμενος
859 2572 911 2605 καὶ
939 2571 1090 2606 κλαίων
1117 2568 1220 2616 εἷπον,
1252 2571 1358 2616 Κυρίιι
1383 2572 1490 2616 χαῖρε.
1528 2571 1581 2605 καὶ
1611 2569 1704 2606 εἶπεν
1729 2586 1797 2616 μοι,
1826 2571 1867 2606 Τί

255 2619 400 2665 στυγνὸς
415 2618 535 2664 Ἵῧρμᾶ,
554 2621 572 2652 ὁ
589 2619 805 2664 μακρόθυμος
822 2633 873 2653 και
892 2618 1141 2665 ἀστομάχητος,
1160 2621 1178 2652 ὁ
1195 2619 1337 2654 πάντοτε
1354 2618 1496 2664 γελῶν,
1514 2619 1547 2653 τί
1567 2633 1656 2654 ουτω
1683 2619 1865 2665 κατηφὴς

252 2670 292 2711 τῆ
312 2666 384 2712 ἰδέᾳ
403 2681 456 2700 και
474 2667 537 2712 οὐχ
557 2667 694 2711 ἱλαρός·
686 2692 692 2704 ,
791 2666 940 2700 Jalnes
932 2678 979 2702 lv.
1001 2670 1022 2701 9
1040 2665 1321 2724 ταλαιπωρήσατε
1339 2667 1391 2700 καὶ
1408 2667 1596 2710 πενθήσατε
1614 2681 1665 2701 και
1683 2667 1866 2702 κλαύσατε·

254 2716 272 2747 ὁ
289 2714 433 2760 γέλως*
419 2717 510 2758 υμῶν
527 2714 575 2748 εἷς
591 2714 714 2748 πένθος
731 2714 1005 2759 μεταστραφήτω
1025 2728 1077 2748 και
1096 2713 1114 2758 ἡ
1132 2730 1221 2773 χαρα
1240 2714 1287 2750 εἷς
1304 2712 1502 2772 κατηφειαν.

312 2762 380 2797 Vis.
407 2762 444 2795 ii
466 2764 497 2795 2
522 2765 544 2795 4
571 2762 630 2795 οὐκ
657 2761 819 2807 ἀπέχεται
844 2763 904 2806 τῆς
929 2763 1097 2808 γλώσσης
1125 2763 1160 2797 ἐν
1187 2766 1207 2807 ἡ
1235 2776 1483 2808 πονηρευεται..
1492 2761 1663 2808 ,ἀφίενται
1691 2763 1805 2798 αυτοῖς
1832 2763 1866 2797 αἱ

255 2810 416 2856 ἁμαρτίαι
433 2812 545 2844 πᾶσαι
562 2809 620 2844 εἀν
639 2810 769 2855 ι’ίρωσιν
787 2809 854 2844 απὸ
871 2811 930 2854 τῆς
947 2809 1084 2867 καρδίας
1102 2810 1212 2844 αὐτῶν
1229 2824 1290 2845 τας
1307 2810 1493 2856 διψυχίαςί
1567 2808 1717 2844 Jalnes
1708 2810 1761 2845 lii.
1784 2813 1812 2845 1.
1831 2812 1864 2846 8.

311 2858 358 2892 V
346 2869 384 2891 cs.
404 2857 442 2892 ii.
461 2860 492 2893 2.
513 2859 531 2893 7
551 2858 707 2902 μακάριοι
726 2858 819 2902 ὑμεῖς
837 2857 914 2891 ὅσοι
936 2856 1117 2902 ὑπομενετε
1135 2857 1195 2902 τὴν
1213 2858 1362 2903 θλίψιν·
1459 2856 1583 2892 Ῑὲιιιιεθς
1600 2857 1622 2892 1.
1646 2859 1697 2893 12,
