1938 3178
538 134 723 170 INDEX
755 134 822 171 OF
853 134 1045 171 GREEK
1076 134 1275 171 WORDS

1637 136 1657 170 10

1663 135 1685 171 ³⁴>—

1691 136 1712 170 0³

101 252 128 276 c.
153 239 248 288 ὕλη.
278 239 332 277 iii.
356 240 378 275 5
381 240 533 306 ἡλίκον
552 241 626 289 πῦρ
645 240 780 288 ἡλίκην
800 240 932 288 ὕλην’
913 240 1078 277 ανάπτει.

100 293 227 342 ὑμεῖςὶ
257 306 320 330 see
340 293 400 331 σύ.

100 347 255 398 ὑπάγωῖ
285 347 324 384 ii.
352 347 435 383 16
419 348 579 398 υπάγετε
595 351 633 385 ἐν
654 347 789 398 εἰρήνῃ.

99 402 252 453 ὑπάρχω
273 415 279 437 1
309 402 348 438 ii.
375 401 422 438 15
445 403 507 439 ἐὰν
526 402 690 451 ἀδελφὸς
709 400 732 450 ἢ
752 401 900 451 ἀδελφὴ
920 402 1055 452 γυμνοὶ
1083 403 1312 453 ὑπάρχωσιν.

99 455 190 505 ὑπέρ
208 469 214 492 :
245 469 280 492 V.
309 456 355 492 16
378 456 533 506 εὔχεσθε
551 457 643 505 ὑπὲρ
664 456 854 505 ἀλλήλων.

98 510 336 559 ὑπερήφανος
355 523 361 545 :
392 510 443 546 iV.
469 510 490 545 6
513 511 532 547 ὁ
551 511 643 550 Θεὸς
662 510 914 560 ὑπερηφάνοις
944 512 1221 551 ἀντιτάσσεται.

97 564 192 602 υπότ
222 562 332 614 (with
351 562 447 614 acc.)
468 564 507 601 ii.
533 565 567 609 3,
589 578 627 602 v.
653 565 726 611 123
756 562 867 615 (with
884 564 987 613 qen)
1013 564 1121 607 i.14‚
1137 567 1174 604 ii.
1196 571 1231 612 ¹2),
1253 567 1312 607 iii.
1332 567 1369 613 4,
1386 567 1440 604 iii.
1467 568 1501 606 6,
1561 567 1632 604 See
1647 580 1710 616 pp.

206 618 342 662 clxxii,
358 618 505 655 clxxiii.

98 671 326 723 ὑπόδειγμα.
356 686 392 709 V.
421 673 468 708 10
489 672 694 723 ὑπόδειγμα
714 673 856 722 λάβετε
875 675 940 722 τῆς
961 677 1197 716 κακοπαθίας.

98 726 348 778 ὑποδεχομαιῑ
377 727 417 763 ii.
442 727 490 763 25
512 726 766 796 ὑποδεξαμενη
784 728 870 768 τοὺς
888 729 1082 794 ἀγγέλους.

98 781 289 830 ὑπομένω.
283 794 290 801 ·
320 781 345 817 i.
371 781 417 816 12
438 782 619 831 μακάριος
638 782 729 831 ἀνὴρ
750 781 788 822 ὃς
809 782 981 831 ὑπομενει
1001 784 1222 834 πειρασμόν,
1243 798 1280 822 V.
1300 785 1342 821 11
1363 784 1614 834 μακαρίζομεν
1628 784 1714 824 τοὺς

208 835 486 884 ὑπομείναντας

99 890 288 939 ὑπομονήῑ
318 889 342 926 i.
368 890 390 926 3
410 890 453 928 τὸ
473 889 638 939 δοκίμιον
656 892 720 940 τῆς
738 891 900 931 πίστεως
919 893 1181 942 κατεργάζεται
1195 893 1396 942 ὑπομονήν,
1410 892 1433 930 i.
1457 892 1480 929 4
1501 893 1524 942 ἡ
1544 893 1713 942 ὑπομονὴ

208 944 316 995 ἔργον
336 944 479 982 τέλειον
499 944 624 995 ἐχέτω,
648 958 684 981 V.
712 946 755 981 11
780 946 847 994 τὴν
866 946 1057 996 ὑπομονὴν
1077 947 1167 997 Ἰώβ
1186 948 1384 997 ἠκούσατε.

98 1011 127 1035 6.
150 998 352 1036 ὑποπόδιον
370 1012 376 1034 :
406 999 446 1035 ii.
471 1000 493 1035 3
514 999 585 1036 ὑπὸ
604 999 646 1037 τὸ
667 999 870 1038 ὑποπόδιόν
887 1017 971 1049 μου.

98 1053 304 1090 ὑποτάσσω
321 1066 328 1089 1
359 1053 410 1090 iV.
436 1052 458 1091 7
480 1054 691 1104 ὑποτάγητε
711 1053 775 1092 οὗν
793 1056 843 1105 τῷ
862 1057 951 1106 Θεῷ.

99 1108 191 1157 ὕψος
210 1120 216 1143 1
246 1107 269 1143 i.
294 1108 315 1144 9
339 1108 358 1144 ὁ
378 1108 548 1148 ταπεινὸς
568 1111 605 1146 ἐν
624 1111 674 1159 τῷ
694 1109 778 1159 ὕψει
801 1110 923 1146 αὐτοῦ.

98 1161 200 1211 ὑψόω
220 1175 226 1197 :
255 1161 307 1198 iV.
336 1162 383 1198 10
406 1160 443 1207 (ὁ
465 1160 619 1212 Κύριος)
640 1163 782 1213 ὑψώσει
802 1164 904 1212 ὑμᾶς.

892 1316 924 1348 Φ

100 1368 271 1417 φάγομαι
291 1379 297 1401 ;
328 1378 391 1402 see
413 1366 534 1403 ἐσθίω.

99 1422 242 1471 φαίνωῑ
272 1420 321 1457 iV.
349 1419 398 1455 14
419 1420 527 1469 ἀτμὶς
545 1421 568 1468 ἡ
588 1420 680 1469 πρὸς
700 1420 831 1470 ὀλίγον
851 1421 1066 1470 φαινομένη.

99 1478 267 1526 φαῦλοςῖ
297 1474 352 1510 iii.
379 1475 425 1511 16
447 1477 521 1512 πᾶν
541 1476 689 1523 φαῦλον
708 1477 874 1523 πρᾶγμα.

99 1531 225 1581 φεύγω
244 1543 252 1567 z
276 1529 329 1565 iV.
354 1527 375 1566 7
393 1529 591 1576 ἀντίστητε
610 1530 660 1579 τῷ
680 1527 857 1579 διαβόλῳ,
883 1529 942 1566 καὶ
963 1530 1138 1578 φεύξεται
1159 1530 1224 1579 ἀφ’
1248 1532 1357 1578 ὑμῶν.

99 1585 245 1634 φθονέω
266 1582 312 1633 (Ἱ)
333 1597 339 1620 :
369 1584 420 1620 iV.
446 1584 467 1619 2
491 1583 662 1632 φθονεῖτε
683 1583 743 1619 καὶ
763 1585 929 1631 ζηλοῦτε,
952 1583 998 1620 Cf.
1025 1585 1128 1621 Add.

98 1640 239 1687 φθόνος
255 1651 261 1674 :
290 1639 343 1674 iV.
368 1638 390 1674 5
412 1638 504 1687 πρὸς
523 1637 665 1683 φθόνον
684 1638 855 1676 ἐπιποθεῖ
871 1638 914 1675 τὸ
933 1640 1084 1686 πνεῦμα.

97 1707 125 1730 c.
151 1693 261 1743 φιλία
278 1706 284 1728 :
314 1693 364 1729 iv.
390 1691 413 1728 4
433 1693 456 1740 ἡ
477 1692 588 1740 φιλία
606 1693 672 1729 τοῦ
692 1691 847 1741 κόσμου.

98 1748 212 1797 φίλος
230 1761 237 1783 :
268 1746 305 1784 ii.
330 1748 379 1783 23
402 1746 515 1795 φίλος
533 1748 629 1783 Θεοῦ
649 1745 800 1795 ἐκλήθη,
822 1747 874 1783 iV.
898 1746 922 1782 4
939 1747 1052 1796 φίλος
1067 1750 1132 1785 τοῦ
1153 1748 1308 1796 κόσμου.
1686 1775 1694 1779 -

97 1816 125 1840 c.
146 1802 316 1852 φλογίζω
336 1815 342 1838 :
372 1801 426 1837 iii.
448 1802 468 1837 6
491 1801 514 1849 ἡ
533 1803 698 1851 γλῶσσα
719 1801 958 1851 φλογίζουσα
977 1801 1042 1839 τὸν
1061 1802 1197 1852 τροχὸν
1217 1804 1281 1851 τῆς
1300 1801 1479 1852 γενέσεως
1499 1802 1558 1839 καὶ
1579 1803 1711 1852 φλογι-

207 1855 340 1905 ζομένη
360 1855 431 1892 ὑπὸ
450 1857 515 1903 τῆς
533 1854 690 1905 γεέννης.

97 1911 242 1960 φονεύω
261 1923 267 1946 :
297 1910 336 1946 ii.
365 1910 409 1945 11
433 1909 486 1958 μὴ
507 1909 921 1958 φονεύσῃς...φονεύεις
941 1909 989 1954 δέ,
1013 1909 1064 1947 iV.
1091 1911 1112 1946 2
1135 1911 1199 1948 οὐκ
1221 1910 1333 1961 ἔχετε·
1356 1911 1530 1959 φονεύετε
1543 1910 1603 1960 (2),
1627 1923 1664 1947 V.
1689 1911 1710 1946 6

206 1964 434 2014 ἐφονεύσατε
453 1964 517 2000 τὸν
531 1962 679 2000 δίκαιον.

99 2019 224 2069 φορέω
241 2032 247 2055 ;
277 2019 316 2055 ii.
342 2019 363 2055 3
393 2018 457 2055 τὸν
477 2019 666 2067 φοροῦντα
685 2018 753 2066 τὴν
773 2017 914 2066 ἐσθῆτα
933 2018 1001 2066 τὴν
1020 2019 1207 2068 λαμπράν.

97 2088 126 2111 ο.
151 2073 307 2123 φρίσσω
326 2086 333 2108 2
363 2072 400 2108 ii.
432 2072 478 2108 19
501 2072 560 2109 καὶ
579 2073 626 2109 τὰ
646 2071 815 2120 δαιμόνια
836 2072 1083 2121 φρίσσουσιν.

98 2128 202 2178 φυλή
219 2142 225 2163 :
255 2128 276 2164 i.
308 2128 322 2163 l
346 2128 427 2166 ταῖς
447 2125 583 2164 δώδεκα
603 2127 752 2175 φυλαῖς.

97 2183 212 2231 φύσις
229 2197 234 2218 ;
266 2182 318 2217 iii.
345 2180 366 2218 7
388 2183 494 2218 πᾶσα
515 2181 630 2229 φύσις
650 2179 849 2229 δαμάζεται
868 2181 914 2230 τῇ
935 2181 1051 2230 φύσει
1070 2182 1116 2231 τῇ
1143 2182 1363 2232 ἀνθρωπίνῃ.

97 2240 197 2286 φῶςῑ
228 2236 251 2273 i.
280 2234 327 2274 17
349 2235 421 2272 ἀπὸ
440 2237 506 2272 τοῦ
524 2235 663 2284 πατρὸς
682 2237 754 2272 τῶν
777 2235 920 2283 φώτων.

883 2397 920 2430 Χ

96 2515 236 2555 χαιρωῑ
265 2502 287 2538 i.
316 2502 331 2537 l
357 2499 535 2561 Ιάκωβος
554 2502 635 2540 ταῖς
655 2499 791 2538 δώδεκα
812 2501 951 2549 φυλαῖς
968 2500 1121 2551 χαίρειν.

93 2573 126 2596 (τι.
135 2573 162 2595 c.
186 2555 469 2608 χαλιναγωγεωῐ
500 2556 524 2591 i.
540 2555 589 2591 26
606 2555 659 2604 μὴ
674 2557 942 2605 χαλιναγωγῶν
957 2557 1172 2604 γλῶσσαν“
1158 2571 1300 2599 εαυτου,
1320 2555 1376 2591 iii.
1398 2557 1419 2591 2
1437 2554 1588 2595 δυνατὸς
1602 2557 1706 2605 χαλι-

204 2612 422 2661 ναγωγῆσαι
440 2609 482 2646 τὸ
496 2612 616 2658 σῶμα.

95 2665 274 2718 χαλινόςε
303 2664 358 2700 iii.
383 2664 405 2699 3
426 2663 512 2703 τοὺς
530 2663 707 2714 χαλινοὺς
727 2665 777 2703 εἷς
795 2664 842 2700 τὰ
861 2662 1035 2712 στόματα
1062 2664 1270 2713 βάλλομεν.

95 2721 216 2773 χαράῑ
247 2720 270 2755 i.
314 2719 335 2753 2
370 2720 497 2755 πᾶσαν
535 2718 656 2768 χαρὰν
692 2718 902 2768 ἡγήσασθε,
936 2718 989 2754 iv.
1024 2719 1046 2755 9
1081 2719 1104 2767 ἡ
1135 2719 1235 2769 χαρὰ
1266 2719 1315 2757 εἷς
1346 2718 1550 2766 κατήφειαν
1584 2719 1707 2767 (μετα-

202 2770 437 2833 στραφήτω).

93 2830 224 2881 χάριςί
255 2827 305 2864 iv.
331 2828 352 2863 6
375 2824 466 2876 (bes)
487 2825 636 2864 δίδωσιν
664 2827 782 2877 χάριν.

1520 2883 1540 2915 [ὲ

1464 2892 1488 2915 R.
