1938 3178
267 129 344 165 228
707 127 893 163 1NDEX
924 128 991 165 OF
1022 127 1218 165 GREEK
1248 128 1450 166 WORDS

266 233 401 281 βλέπω
418 247 424 269 :
451 233 490 270 ii.
516 234 565 269 22
586 233 745 282 βλέπεις
765 232 822 270 ὅτι
842 233 864 281 ἡ
884 232 1013 273 πίστις
1033 233 1213 285 συνήργει
1231 235 1310 274 τοῖς
1331 234 1454 285 ἔργοις
1474 235 1599 272 αὐτοῦ.

267 301 296 324 c.
319 287 398 336 βοή
416 302 423 324 ;
446 300 481 324 V.
507 289 529 324 4
550 289 588 325 αἱ
607 287 699 336 βοαὶ
719 289 791 324 τῶν
811 287 1050 336 θερισάντων.

267 341 483 390 βούλομαι;
506 342 530 379 i.
558 342 604 378 18
625 341 831 389 βουληθεὶς
851 342 1063 390 ἀπεκύησεν
1097 343 1194 391 ἡμᾶς
1224 342 1327 394 λόγῳ
1362 343 1553 392 ἀληθείας,
1587 344 1643 382 iii.
1680 343 1704 380 4
1739 343 1834 382 ὅπου
1864 344 1905 393 ἡ

378 396 475 445 ὁρμὴ
495 398 560 433 τοῦ
580 396 795 435 εὐθύνοντος
813 395 1008 443 βόυλεται,
1031 397 1083 434 iv.
1119 398 1142 433 4
1175 395 1214 437 ὃς
1248 398 1311 435 ἐὰν
1341 397 1519 450 βουληθῇ
1552 401 1667 447 φιλος
1697 397 1790 436 εἶναι
1821 400 1889 436 τοῦ

380 451 535 499 κόσμου.

268 504 434 553 βραδύςῑ
455 505 479 541 i.
507 505 553 541 19
577 505 674 542 ἔστω
694 506 766 543 πᾶς
786 503 980 552 ἅνθρωπος
999 505 1140 555 βραδὺς
1164 508 1213 546 εἷς
1232 506 1275 543 τὸ
1295 507 1475 554 λαλῆσαι,
1498 506 1642 556 βραδὺς
1663 509 1713 548 εἷς
1732 506 1858 558 ὀργήν.

268 559 420 609 βρέχω;
444 572 478 596 V.
505 560 552 595 17
576 558 710 598 Ἠλίας
729 558 974 607 προσηύξατο
993 563 1060 598 τοῦ
1079 561 1133 610 μὴ
1152 560 1299 610 βρέξαι,
1322 560 1383 597 καὶ
1404 562 1469 598 οὐκ
1490 561 1655 610 ἔβρεξεν.

267 613 340 649 cd.
363 613 493 663 βρύωῑ
514 613 567 651 iii.
596 614 639 650 11
663 613 754 663 μήτι
773 613 796 662 ἡ
816 614 920 664 πηγὴ
950 616 989 652 ἐκ
1019 617 1085 664 τῆς
1115 617 1228 664 αὐτῆς
1261 616 1354 664 ὀπῆς
1383 614 1494 665 βρύει
1527 615 1570 653 τὸ
1603 616 1723 667 γλυκὺ
1755 615 1816 654 καὶ
1846 615 1909 653 τὸἸ

379 667 510 717 πικρόν
523 685 534 711 ‚·

1066 807 1096 841 Γ

271 912 371 962 γάρ;
404 913 425 950 i.
455 914 490 957 6,
515 911 550 956 7,
577 914 726 958 11,13,
751 916 813 960 20,
839 916 901 959 24,
924 915 963 952 ii.
989 916 1283 963 2,10,11,13,
1307 916 1371 963 26,
1392 915 1447 952 iii.
1473 915 1510 961 2,
1536 916 1571 960 7,
1596 915 1657 961 16,
1680 915 1733 952 iv.
1761 915 1822 953 14.

266 980 294 1003 e.
318 966 447 1017 γεέννα
464 981 470 1003 ;
492 967 549 1003 iii.
576 969 596 1004 6
621 970 878 1020 φλογιζομένη
898 971 970 1008 ὑπὸ
990 972 1055 1019 τῆς
1074 971 1232 1021 γεέννης.

266 1035 296 1058 c.
321 1021 462 1072 γέλωςζ
483 1022 535 1059 iV.
562 1023 582 1059 9
606 1024 626 1060 ὁ
646 1024 767 1074 γέλως
787 1026 888 1074 ὑμῶν
909 1027 959 1065 εἷς
979 1025 1114 1065 πένθος
1133 1024 1449 1075 μεταστραφήτω.

269 1075 416 1126 γένεσις
433 1089 440 1112 :
461 1075 486 1113 i.
512 1077 560 1113 23
582 1078 625 1115 τὸ
638 1078 845 1128 πρόσωπον
863 1081 929 1129 τῆς
948 1079 1130 1130 γενέσεως
1149 1081 1273 1124 αὐτοῦ,
1295 1079 1350 1116 iii.
1375 1080 1396 1116 6
1420 1078 1663 1130 φλογίζουσα
1674 1078 1739 1117 τὸν
1751 1079 1888 1131 τροχὸν

377 1132 443 1179 τῆς
461 1131 650 1182 γενέσεως.

268 1185 455 1235 γεωργός;
478 1198 515 1222 V.
540 1187 561 1223 7
584 1187 604 1224 ὁ
619 1187 784 1238 γεωργὸς
805 1187 993 1239 ἐκδέχεται
1012 1187 1077 1226 τὸν
1096 1188 1219 1238 τίμιον
1239 1188 1381 1238 καρπὸν
1400 1190 1465 1237 τῆς
1483 1189 1561 1239 γῆς.

267 1241 316 1290 γῆ
333 1253 340 1276 ;
363 1252 397 1276 v.
425 1240 445 1277 7
468 1240 533 1277 τὸν
553 1242 695 1291 καρπὸν
716 1244 781 1291 τῆς
799 1244 879 1292 γῆς,
902 1256 936 1279 v.
964 1244 1010 1279 12
1031 1244 1085 1292 μὴ
1106 1243 1260 1292 ὀμνύετε
1278 1243 1347 1292 τὴν
1365 1244 1446 1294 γῆν,
1462 1255 1500 1279 V.
1520 1242 1542 1279 5
1566 1242 1806 1292 ἐτρυφήσατε
1828 1242 1889 1280 ἐπὶ

376 1296 441 1343 τῆς
460 1296 540 1345 γῆς,
561 1308 597 1332 V.
624 1297 672 1334 17
706 1298 771 1334 οὐκ
806 1297 959 1347 ἔβρεξεν
994 1297 1055 1335 ἐπὶ
1085 1300 1151 1347 τῆς
1180 1299 1261 1348 γῆς,
1293 1310 1331 1335 V.
1368 1298 1416 1334 18
1448 1297 1540 1349 ἡγῆ
1561 1297 1807 1346 ἐβλάστησεν
1825 1297 1891 1336 τὸν

381 1349 536 1398 καρπόν.

268 1402 442 1453 γίνομαι;
463 1403 487 1440 i.
515 1404 562 1440 12
585 1403 736 1454 δόκιμος
754 1405 963 1455 γενόμενος,
987 1407 1012 1443 i.
1037 1407 1086 1442 22
1107 1406 1259 1457 γίνεσθε
1278 1406 1441 1455 ποιηταί,
1470 1406 1494 1444 i.
1521 1405 1569 1442 25
1603 1406 1669 1443 οὐκ
1700 1405 1886 1455 ἀκροατὴς

377 1457 588 1508 γενόμενος,
610 1459 650 1496 ii.
675 1459 698 1495 4
721 1460 895 1510 ἐγένεσθε
915 1461 1047 1510 κριταί,
1069 1461 1109 1497 ii.
1137 1462 1185 1498 10
1198 1461 1352 1511 γέγονεν
1366 1462 1515 1499 πάντων
1529 1460 1667 1511 ἔνοχος,
1682 1460 1722 1498 ii.
1743 1461 1786 1496 11
1807 1460 1892 1510 γέγ-

380 1528 466 1551 ονας
485 1513 722 1562 παραβάτης,
743 1514 800 1552 iii.
826 1514 843 1550 1
881 1515 935 1564 μὴ
955 1515 1097 1553 πολλοὶ
1118 1514 1340 1553 διδάσκαλοι
1371 1515 1535 1566 γίνεσθε,
1556 1515 1612 1551 iii.
1637 1515 1658 1551 9
1691 1514 1776 1554 τοὺς
1807 1513 1890 1553 καθ’

381 1566 564 1615 ὁμοίωσιν
583 1571 679 1605 Θεοῦ
699 1569 913 1619 γεγονότας,
936 1569 992 1606 iii.
1019 1570 1066 1606 10
1089 1571 1131 1607 οὗ
1149 1570 1224 1621 χρὴ
1244 1572 1360 1607 ταῦτα
1381 1571 1495 1610 οὕτως
1524 1569 1708 1620 γίνεσθαι,
1729 1582 1766 1606 V.
1791 1570 1813 1605 2
1845 1569 1892 1607 τὰ

379 1621 507 1669 ἱμάτια
527 1622 758 1671 σητόβρωτα
777 1623 943 1674 γέγονεν.

267 1674 462 1725 γινώσκω;
483 1675 509 1712 i.
532 1676 554 1712 3
577 1677 822 1727 γινώσκοντες
853 1677 911 1715 ὅτι
943 1678 986 1715 τὸ
1007 1677 1175 1727 δοκίμιον
1205 1679 1305 1728 ὑμῶν
1335 1680 1400 1728 τῆς
1430 1678 1593 1717 πίστεως
1625 1677 1891 1728 κατεργάζεται

377 1730 581 1779 ὑπομονήν,
602 1731 642 1767 ii.
667 1732 718 1767 20
749 1731 870 1771 θέλεις
894 1731 932 1769 δὲ
963 1735 1099 1783 γνῶναι
1119 1733 1177 1770 ὅτι
1195 1734 1218 1782 ἡ
1238 1733 1366 1772 πίστις
1398 1733 1512 1783 χωρὶς
1540 1735 1612 1770 τῶν
1645 1732 1761 1782 ἔργων
1793 1731 1891 1782 ἀργή

377 1786 506 1828 ἐστιν,·
537 1798 573 1822 V.
599 1786 649 1822 20
681 1786 883 1836 γινώσκετε
904 1785 971 1837 (al.
1005 1786 1235 1838 γινωσκέτω)
1269 1787 1326 1825 ὅτι
1357 1788 1377 1825 ὁ
1407 1787 1638 1838 ἐπιστρέψας
1668 1786 1892 1836 ἁμαρτωλὸν

377 1838 497 1876 σώσει,
517 1839 651 1890 ψυχήν.

269 1892 409 1942 γλυκύς
425 1906 432 1929 z
454 1893 509 1931 iii.
538 1894 581 1929 11
606 1894 695 1943 μήτι
714 1895 737 1943 ἡ
757 1895 861 1946 πηγὴ
873 1895 985 1945 βρύει
998 1896 1041 1934 τὸ
1057 1895 1176 1946 γλυκὺ
1190 1896 1250 1934 καὶ
1265 1896 1308 1934 τὸ
1328 1896 1483 1946 πικρόν;
1504 1895 1559 1933 iii.
1586 1896 1634 1932 12
1652 1895 1735 1933 οὕτε
1752 1894 1892 1932 ἁλυκὸν

378 1947 498 1997 γλυκὺ
516 1950 671 1997 ποιῆσαι
696 1948 801 1998 ὕδωρ.

269 2003 434 2051 γλῶσσα
451 2015 458 2038 :
479 2003 502 2039 i.
528 2003 577 2039 26
609 2002 664 2051 μὴ
696 2006 967 2055 χαλιναγωγῶν
1000 2006 1199 2055 γλῶσσαν,
1223 2004 1279 2042 iii.
1313 2004 1336 2041 5
1357 2005 1381 2053 ἡ
1414 2007 1580 2055 γλῶσσα
1611 2004 1744 2054 μικρὸν
1774 2003 1892 2053 μέλος

381 2056 485 2093 ἐστὶν
505 2057 565 2094 καὶ
583 2058 735 2107 μεγάλα
755 2059 873 2109 αὐχεῖ,
893 2059 948 2095 iii.
977 2059 998 2095 6
1015 2060 1075 2097 καὶ
1094 2061 1117 2108 ἡ
1132 2062 1298 2110 γλῶσσα
1324 2061 1409 2109 πῦρ,
1431 2061 1451 2096 ὁ
1473 2059 1617 2108 κόσμος
1650 2061 1716 2107 τῆς
1749 2057 1893 2097 ἀδικίας

377 2111 400 2158 ἡ
420 2113 584 2160 γλῶσσα
605 2111 829 2150 καθίσταται
850 2115 888 2150 ἐν
908 2115 987 2154 τοῖς
1000 2113 1171 2163 μέλεσιν,
1188 2114 1243 2150 iii.
1263 2115 1286 2150 8
1300 2114 1368 2163 τὴν
1379 2116 1566 2164 γλῶσσαν
1586 2112 1704 2153 οὐδεὶς
1723 2112 1893 2162 δαμάσαι

380 2164 541 2202 δύναται.

270 2219 402 2267 γραφή
419 2232 425 2255 ἰ
447 2219 485 2255 ii.
510 2220 532 2255 8
557 2221 650 2257 κατὰ
669 2221 737 2270 τὴν
756 2222 920 2272 γραφήν,
941 2221 981 2258 ii.
1007 2223 1056 2259 23
1079 2222 1140 2259 καὶ
1161 2222 1358 2272 ἐπληρώθη
1374 2222 1540 2273 ἡγραφὴ
1560 2221 1776 2273 ἡλέγουσα,
1791 2220 1844 2257 iv.
1867 2219 1890 2256 5

381 2274 404 2321 ἡ
423 2275 554 2323 γραφὴ
580 2275 695 2325 λέγει.

270 2327 432 2375 γυμνόςῐ
454 2328 494 2363 ii.
522 2328 568 2364 15
592 2330 655 2366 ἐὰν
676 2329 714 2367 δὲ
734 2329 899 2379 ἀδελφὸς
918 2329 942 2379 ἢ
962 2330 1111 2381 ἀδελφὴ
1130 2331 1264 2382 γυμνοὶ
1277 2332 1507 2382 ὑπάρχωσιν.

1068 2503 1101 2536 Δ

274 2603 462 2653 δαιμόνιον
479 2618 485 2641 :
507 2605 548 2642 ii.
575 2607 621 2642 19
644 2607 705 2644 καὶ
724 2608 770 2645 τὰ
791 2607 961 2656 δαιμόνια
980 2612 1226 2650 πιστεύουσιν
1246 2613 1307 2650 καὶ
1328 2613 1577 2663 φρίσσουσιν.

273 2672 309 2695 α.
333 2658 573 2708 δαιμονιώδης
592 2675 598 2697 ;
620 2661 674 2698 iii.
702 2662 748 2698 15
771 2664 894 2712 σοφία
914 2663 1163 2715 δαιμονιώδης.

275 2712 446 2762 δαμάζω;
468 2714 523 2751 iii.
548 2715 569 2752 7
606 2718 712 2753 πᾶσα
744 2717 860 2765 φύσις
891 2719 1026 2767 θηρίων
1057 2719 1257 2769 δαμάζεται
1290 2721 1350 2759 καὶ
1384 2721 1615 2771 δεδάμασται
1634 2724 1682 2774 τῇ
1708 2722 1824 2773 φύσει
1843 2723 1890 2773 τῇ

383 2768 604 2819 ἀνθρωπίνῃ,
624 2770 679 2806 iii.
704 2771 726 2806 S
748 2772 815 2819 τὴν
834 2774 1019 2821 γλῶσσαν
1039 2773 1156 2814 οὐδεὶς
1175 2774 1341 2824 δαμάσαι
1361 2775 1521 2814 δύναται.

273 2820 446 2858 δαπανάω
463 2837 469 2859 2
492 2823 542 2859 iv.
568 2824 589 2859 3
611 2826 728 2863 κακῶς
747 2826 923 2870 αἰτεῖσθε,
947 2826 1004 2863 ἵνα
1025 2830 1062 2865 ἐν
1082 2830 1162 2868 ταῖς
1180 2829 1327 2877 ἡδοναῖς
1347 2831 1446 2879 ὑμῶν
1465 2830 1715 2880 δαπανήσητε.
