1938 3178
59 196 81 232 Ι
105 193 196 246 1-9]

261 297 445 328 VULGATE.

132 374 258 406 Connx
280 373 494 403 AMIATINUS
519 369 575 408 (α).

107 450 194 484 1-1
224 448 377 484 Iacobus
389 447 448 482 dei
459 450 495 481 et
507 445 649 480 domini

58 506 174 540 nostri
220 504 303 539 Iesu
344 502 483 537 Christi
523 512 649 535 seruus

58 560 250 595 duodecim
278 558 448 593 tribubus
479 557 529 601 (β)
558 567 649 601 quae

59 620 145 650 sunt
170 616 210 649 in
236 613 458 660 dispersione
484 612 648 647 salutem.

58 674 80 706 2
107 671 224 706 Omne
241 669 415 716 gaudium
433 667 649 710 existimate,

57 726 187 761 fratres
213 725 295 768 mei,
314 736 397 759 cum
426 724 466 758 in
495 726 648 768 tempta-

57 781 222 816 tionibus
269 780 382 815 uariis
435 777 648 820 incideritis,

59 840 81 873 3
106 838 257 871 scientes
274 835 372 881 quod
385 834 550 881 probatio
564 833 650 867 fidei

58 896 199 927 uestrae
225 891 440 938 patientiam
469 893 647 935 operatur.

57 951 81 982 4
107 947 288 982 Patientia
314 947 363 993 (γ)
386 956 476 992 opus
499 944 649 990 perfect-

58 1015 123 1037 um
140 1002 281 1046 habeat,
296 1006 338 1035 ut
351 1001 430 1036 sitis
447 1000 598 1046 perfecti
615 1003 651 1033 et

57 1059 202 1104 integri,
228 1059 269 1092 in
297 1057 402 1092 nullo
431 1056 646 1091 deficientes.

58 1118 79 1148 5
106 1114 147 1148 Si
163 1114 245 1159 quis
261 1117 384 1148 autem
404 1116 568 1146 uestrum
595 1111 650 1145 in-

58 1170 158 1216 diget
178 1169 393 1215 sapientiam
414 1169 473 1213 (δ),
491 1166 652 1213 postulet

58 1237 80 1260 a
101 1225 168 1259 deo
193 1224 258 1270 qui
282 1224 345 1258 dat
363 1223 533 1258 omnibus
551 1221 652 1256 afflu-

59 1285 162 1315 enter
190 1284 226 1315 et
254 1291 329 1314 non
357 1280 590 1325 improperat,
616 1280 653 1311 et

59 1336 209 1371 dabitur
220 1336 263 1370 ei.
306 1338 327 1370 6
354 1334 517 1369 Postulet
529 1337 652 1368 autem

59 1392 100 1425 in
125 1391 206 1434 fide,
230 1390 328 1425 nihil
351 1389 557 1424 haesitans:
588 1388 653 1434 qui

60 1447 159 1481 enim
187 1447 229 1491 (ε)
255 1445 420 1487 haesitat,
445 1444 576 1479 similis
600 1447 654 1478 est

60 1501 190 1536 fluctui
226 1501 346 1544 maris,
381 1500 445 1547 qui
482 1512 504 1535 a
543 1502 653 1534 vento

62 1561 232 1591 mouetur
256 1560 292 1591 et
318 1555 581 1590 circumfertur.
632 1556 651 1590 7

62 1613 149 1647 Non
173 1624 256 1658 ergo
273 1612 320 1657 (ζ)
351 1612 516 1646 aestimet
544 1610 654 1645 homo

61 1668 126 1702 ille
159 1668 258 1714 quod
285 1667 438 1714 accipiat
467 1666 608 1713 aliquid
634 1677 655 1700 a

62 1724 222 1767 domino,
280 1726 301 1758 8
341 1723 401 1758 uir
441 1722 578 1769 duplex
606 1722 652 1767 (η)

63 1780 196 1823 animo,
210 1780 419 1814 inconstans
432 1779 471 1813 111
486 1778 655 1813 omnibus

62 1835 135 1870 uiis
155 1835 238 1870 suis.
277 1838 298 1870 9
325 1834 512 1869 Glorietur
531 1839 654 1868 autem

64 1891 176 1925 frater
198 1890 351 1925 humilis
374 1890 413 1924 in
436 1889 655 1924 exaltatione

65 1958 154 1989 sua;

96 2027 139 2059 (α)
156 2027 169 2052 Ι
182 2027 255 2052 have
266 2026 354 2052 taken
366 2026 426 2052 this
438 2026 511 2051 from
524 2025 657 2051 Tischen-

63 2061 152 2087 dorf's
173 2061 282 2086 edition
301 2061 334 2086 of
349 2062 423 2091 1554,
441 2060 496 2085 but
513 2060 586 2084 have
604 2059 657 2084 not

64 2095 191 2126 thought
202 2095 226 2120 it
238 2091 391 2125 necessary*
399 2095 430 2119 to
440 2100 572 2125 preserve
585 2093 656 2118 such

65 2129 204 2161 spellings
238 2135 269 2154 as
304 2128 482 2158 mechaberis,
514 2134 654 2158 merorem,

64 2163 246 2195 praetiosum.
296 2162 309 2187 Ι
333 2161 406 2186 have
429 2161 581 2193 compared
609 2160 657 2186 the

65 2196 198 2228 readings
231 2196 262 2220 of
296 2195 344 2221 the
373 2195 468 2221 Codex
505 2195 657 2219 Fuldensis

63 2230 204 2262 (Runke's
212 2229 256 2254 ed.
267 2229 344 2261 1865)
351 2229 407 2254 and
413 2229 473 2254 also
480 2229 563 2253 those
573 2229 603 2253 of
609 2228 658 2253 the

65 2264 189 2296 genuine
211 2264 360 2295 Speculum
376 2263 530 2293 Augustini
549 2261 658 2293 (edited

65 2299 103 2329 by
116 2297 268 2326 Weihrich,
282 2297 367 2328 along
380 2297 449 2321 with
462 2296 511 2321 the
524 2296 658 2327 spurious

67 2331 231 2363 Speculum,
248 2330 343 2355 which
361 2330 473 2355 follows
492 2330 522 2354 in
541 2330 590 2354 the
608 2329 659 2354 3rd

65 2365 143 2397 col.).
157 2365 215 2390 The
222 2364 344 2397 genuine
355 2364 503 2395 Speculum
511 2363 535 2388 is
545 2363 661 2394 usually

66 2406 98 2424 so
118 2399 194 2424 close
214 2399 245 2423 to
263 2398 312 2424 the
332 2398 453 2430 Vulgata
472 2397 537 2422 that
560 2397 584 2422 it
608 2397 658 2421 has

66 2433 138 2458 been
150 2432 274 2464 thought
291 2432 355 2457 that
367 2431 528 2463 Augustine
545 2430 663 2455 himself

67 2467 135 2498 only
145 2473 215 2497 gave
228 2466 277 2491 the
288 2466 454 2494 references.
465 2465 521 2490 and
533 2464 598 2489 that
610 2464 659 2489 the

67 2507 201 2532 passages
210 2507 281 2525 were
290 2499 391 2532 copied
399 2499 471 2525 from
480 2499 529 2524 the
538 2499 659 2530 Vulgate

67 2534 104 2566 by
117 2541 134 2559 a
145 2534 219 2559 later
230 2533 331 2559 scribe.

101 2567 144 2600 (β)
162 2567 194 2594 F.
211 2568 310 2592 tribus.

101 2603 112 2633 (
130 2601 142 2633 )
160 2602 190 2627 F.
205 2601 259 2627 ins.
274 2603 376 2626 autem.

99 2611 139 2667 (ἔ)
158 2635 187 2660 F.
202 2635 353 2666 sapientia.

101 2668 140 2700 (ε)
157 2669 186 2694 F.
203 2670 304 2694 autem.

101 2702 142 2735 (ζ)
158 2702 239 2734 spec.
254 2703 326 2734 Aug.
341 2702 422 2728 enim.

101 2736 142 2768 (η)
160 2736 191 2762 Ε.
207 2737 324 2768 duplici.

620 189 794 227 LATIN
828 187 1101 225 VERSIONS

856 293 1001 324 CORBEY
1025 291 1096 322 MS.

730 446 817 480 I-—l
847 446 999 480 Iacobus
1012 446 1071 480 dei
1084 449 1119 479 et
1133 444 1274 479 domini

684 502 767 536 Iesu
786 501 924 536 Christi
944 513 1070 536 seruus
1087 500 1140 534 xii
1157 499 1272 534 tribu-

682 558 751 592 bus
761 564 777 580 a
794 569 884 603 quae
899 561 985 590 sunt
1001 557 1041 590 in
1052 555 1273 601 dispersione

684 613 847 648 salutem.
902 615 923 646 2
954 611 1071 646 Omne
1098 610 1274 656 gaudium

684 668 888 704 existimate
902 667 1029 702 fratres
1042 667 1115 701 mei
1128 666 1274 712 quando

683 725 723 759 in
740 724 858 758 uarias
876 723 1131 769 temptationes
1154 722 1274 756 incur-

683 780 773 824 ritis,
825 782 846 814 3
879 780 1030 814 scientes
1063 777 1161 824 quod
1193 789 1274 823 pro—

683 837 782 871 batio
807 840 928 870 uestra
953 839 1123 881 operatur
1150 833 1274 868 suffer-

684 893 830 927 entiam.
869 894 892 926 4
918 890 1137 926 Sufferentia
1153 893 1275 923 autem

685 959 775 994 opus
808 950 1099 982 consummatum
1132 944 1273 987 habeat,

685 1008 727 1038 ut
744 1004 822 1038 sitis
840 1001 1081 1037 consummati
1095 1005 1130 1034 et
1143 1000 1276 1045 integri

684 1059 724 1093 in
747 1058 851 1093 nullo
869 1058 1084 1093 deficientes.
1134 1060 1154 1090 5
1181 1056 1230 1089 Et
1247 1055 1277 1089 si

687 1116 745 1149 cui
772 1119 936 1149 uestrum
965 1113 1064 1147 deest
1089 1111 1276 1158 sapientia,

686 1174 786 1217 petat
803 1182 824 1204 a
840 1169 917 1212 deo,
933 1169 1019 1214 quia
1032 1168 1095 1202 dat
1109 1166 1278 1201 omnibus

686 1224 902 1272 simpliciter
912 1229 948 1259 et
959 1235 1033 1258 non
1044 1224 1277 1269 improperat,

686 1286 722 1316 et
732 1281 880 1316 dabitur
890 1280 958 1314 illi.
998 1282 1019 1314 6
1042 1279 1146 1313 Petat
1156 1282 1278 1312 autem

686 1338 727 1372 in
753 1337 824 1371 fide
854 1336 951 1370 nihil
980 1335 1178 1370 dubitans:
1214 1334 1279 1379 qui

686 1397 808 1427 autem
857 1391 1002 1426 dubitat
1052 1389 1182 1424 similis
1226 1393 1280 1423 est

687 1447 818 1482 fluctui
850 1447 970 1490 maris,
1005 1445 1070 1492 qui
1109 1457 1129 1479 a
1169 1448 1280 1478 uento

687 1503 804 1538 fertur
835 1507 871 1537 et
903 1501 1090 1536 defertur:
1157 1500 1176 1535 7
1215 1511 1281 1534 nec

689 1562 808 1606 speret
830 1570 865 1593 se
888 1558 998 1592 homo
1020 1556 1085 1591 ille
1107 1555 1280 1602 quoniam

689 1614 841 1660 accipiet
875 1613 1017 1659 aliquid
1049 1624 1070 1647 a
1104 1610 1283 1646 domino.b

690 1673 710 1705 8
737 1670 858 1704 Homo
876 1669 1017 1716 duplici
1035 1668 1140 1703 corde
1157 1667 1281 1701 incon-

689 1731 788 1761 stans
820 1726 860 1760 in
894 1725 1063 1760 omnibus
1096 1723 1168 1758 uiis
1197 1723 1280 1757 suis.

690 1786 711 1817 9
737 1780 924 1816 Glorietur
941 1784 1063 1815 autem
1085 1779 1196 1813 frater
1214 1778 1281 1812 hu-

690 1838 789 1873 milis
813 1839 853 1872 in
878 1836 1075 1872 altitudine
1099 1847 1187 1877 sua;

723 1923 737 1936 ³·
756 1918 805 1943 MS
831 1918 930 1943 tribus.

723 1951 738 1971 b
757 1952 822 1977 Full
835 1952 902 1984 stop
915 1951 944 1976 in
957 1949 1015 1976 MS.

1637 189 1658 223 3

1307 290 1523 332 Quotations
1568 289 1660 323 from

1307 345 1369 379 the
1455 345 1661 378 SPECULUM

1306 400 1378 437 and
1389 400 1663 435 PRISCILLIAN.1

1341 481 1352 501 1
1371 481 1428 506 The
1439 481 1533 506 oldest
1544 480 1622 505 MSS.
1635 480 1667 504 of

1306 515 1355 541 the
1368 516 1472 540 former
1485 522 1530 539 arc
1540 514 1588 546 (F)
1600 514 1663 539 Flo-

1306 549 1453 580 riacensis,
1475 548 1607 579 assigned
1632 548 1663 572 to

1307 583 1356 608 the
1369 582 1424 608 end
1437 583 1467 607 of
1477 582 1525 607 the
1539 583 1588 607 7t11
1600 588 1664 606 cen-

1307 617 1373 648 tury
1408 616 1566 648 (Palaeoyr.
1600 616 1660 641 Soc.

1310 651 1369 677 Ser.
1386 651 1424 676 Il.
1440 658 1468 682 p.
1483 650 1535 681 34),
1547 649 1590 681 (S)
1603 649 1667 674 Ses-

1307 685 1448 714 sorianus‚
1460 683 1514 715 (M)
1522 682 1666 708 Michaeli-

1307 725 1371 748 nus,
1385 718 1415 750 (a.
1423 718 1479 743 and
1488 717 1520 749 μ)
1533 716 1667 742 Breviata

1307 751 1484 782 Theodulphi
1490 770 1497 783 ,
1504 751 1543 776 all
1551 750 1667 781 belong-

1307 786 1356 818 ing
1375 786 1406 810 to
1425 785 1475 810 the
1495 785 1543 809 sth
1565 791 1597 808 or
1617 784 1666 808 eth

1308 820 1437 851 century.
1486 818 1543 843 The
1565 818 1667 849 quota-

1308 854 1386 879 tions
1431 853 1505 877 from
1552 851 1666 876 Priscil-

1306 888 1366 913 lian
1396 893 1443 912 are
1478 885 1605 911 inclosed
1636 885 1665 909 in

1309 928 1411 953 square
1429 920 1570 945 brackets.
1608 918 1666 943 The

1308 956 1411 987 figures
1428 954 1532 979 denote
1550 953 1599 977 the
1618 959 1666 983 pa-

1308 996 1358 1021 ges
1376 989 1406 1013 in
1424 986 1590 1013 Weihrich’s
1609 985 1667 1011 aud.

1309 1021 1440 1055 Schepss'
1453 1021 1585 1047 editions,
