1938 3178
663 764 974 813 ΙΑΚΩΒΟΥ
1029 764 1408 813 ΕΠΙΣΤΟΛΙ-Ι.

946 989 1060 1024 ΚΕΦ.
1092 985 1136 1023 α’.

309 1103 330 1143 1
371 1094 625 1157 Ἰάκωβος,
655 1094 790 1145 Θεοῦ
828 1095 909 1144 καὶ
939 1093 1126 1160 Κυρίου
1165 1090 1340 1157 Ἰησοῦ
1369 1092 1600 1158 Χριστοῦ
1642 1091 1841 1153 δοῦλος,

232 1176 335 1226 ταῖς
364 1174 551 1222 δώδεκα
578 1174 761 1241 φυλαῖς
788 1174 893 1224 ταῖς
921 1167 974 1220 ἐν
1001 1170 1061 1237 τῇ
1093 1169 1347 1237 διασπορᾶ
1375 1167 1581 1236 χαίρειν.

306 1255 329 1294 2
375 1248 562 1299 Πᾶσαν
589 1269 750 1314 χαράν
777 1243 1062 1312 ἡγήσασθε,
1091 1242 1310 1314 ἀδελφοί
1332 1267 1446 1309 μου,
1488 1266 1608 1294 οταν
1646 1265 1846 1309 πειρασ-

229 1328 340 1388 μοῖς
366 1323 668 1391 περιπέσητε
695 1325 959 1376 ποικίλοις

307 1406 331 1446 3
397 1399 729 1465 γινώσκοντες
788 1421 864 1449 οτι
929 1392 985 1448 τὸ
1028 1399 1251 1460 δοκίμιον
1306 1393 1438 1460 ὑμῶν
1491 1395 1577 1460 τῆς
1628 1394 1842 1448 πίστεως

230 1471 634 1542 κατεργάζεται
610 1469 885 1539 υπομονήν

304 1557 333 1598 4
371 1549 437 1602 H
481 1546 533 1601 δὲ
562 1545 787 1614 ὑπομονὴ
828 1544 979 1616 ἔργον
1006 1543 1200 1599 τέλειον
1228 1545 1398 1615 ε’χετω,
1427 1546 1507 1597 ίνα
1535 1541 1620 1611 ἦτε
1660 1548 1844 1597 τέλειοι

229 1628 309 1678 καὶ
337 1625 626 1694 ὁλόκληροι,
656 1623 709 1676 ἐν
735 1626 910 1691 μηδενὶ
937 1620 1238 1689 λειπόμενοι.

305 1709 329 1749 5
374 1705 432 1753 Εἰ
462 1705 514 1753 δε
551 1725 623 1757 τις
664 1699 798 1766 ὑμῶν
838 1701 1061 1752 λείπεται
1102 1699 1308 1793 σοφίας,
1348 1697 1538 1749 αἰτείτω
1577 1691 1716 1764 παρά
1753 1697 1842 1748 τοῦ

230 1780 450 1833 διδόντος
505 1779 639 1829 Θεοῦ
691 1778 851 1828 πᾶσιν
903 1774 1075 1831 άπλῶς
1127 1777 1207 1826 καὶ
1245 1770 1312 1839 μὴ
1368 1772 1710 1840 ὀνειδίζοντος,
1765 1773 1845 1824 καὶ

230 1857 500 1919 δοθήσεται
528 1851 675 1921 αὐτῷ.

306 1937 330 1977 6
373 1930 580 1981 Αἱτείτω
634 1926 686 1979 δὲ
741 1926 793 1979 ε’ν
830 1928 1016 1991 πίστει,
1056 1922 1212 1992 μηδὲν
1253 1925 1634 1993 διακρινόμενος·
1679 1922 1704 1975 6
1746 1919 1843 1991 γάρ

230 2001 599 2072 διακρινόμενος
639 2000 796 2056 ἐὀικεν
837 2003 1048 2056 κλύδωνι
1089 1999 1358 2066 θαλάσσης
1398 1998 1726 2069 ἀνεμιζομένῳ
1766 2001 1844 2050 καὶ

230 2080 547 2150 ῥιπιζομένω.

306 2160 330 2206 7
375 2152 464 2223 Μη
491 2179 588 2224 γαρ
618 2151 801 2208 οιεσθω
831 2154 856 2207 6
886 2151 1193 2222 ἄνθρωπος
1174 2158 1358 2207 εκεῖνος
1387 2176 1464 2204 οτι
1503 2151 1763 2221 λήμψεταί
1798 2173 1844 2202 τι

231 2253 370 2300 παρα
398 2233 487 2284 τοῦ
521 2233 726 2299 Κυρίου,

310 2316 335 2355 8
376 2304 501 2376 ἀνὴρ
557 2309 788 2377 δίψυχος,
849 2302 1196 2360 ἀκατάστατος
1237 2303 1289 2356 ἐν
1328 2300 1515 2357 πάσαις
1555 2307 1660 2358 ταῖς
1713 2300 1845 2356 ὁδοῖς

233 2381 405 2436 αὐτοῦ.

309 2466 332 2506 9
391 2462 679 2526 Καυχάσθω
721 2455 773 2509 δὲ
819 2456 896 2527 [6]
940 2453 1163 2528 ἀδελφὸς
1203 2455 1229 2508 6
1271 2452 1500 2509 ταπεινὸς
1528 2452 1581 2505 ἐν
1620 2454 1688 2524 τῷ
1729 2449 1846 2523 ὕψει

283 2532 295 2547 '
369 2541 385 2551 Α

235 2557 404 2597 αυτου,

281 2674 387 2706 L—3.
415 2685 475 2711 της
491 2685 632 2704 πιστεως
648 2673 718 2705 Sin.
736 2671 931 2704 AB¹CKLP
947 2675 1003 2705 διο.
1077 2675 1218 2711 ληψεται
1245 2671 1303 2702 ΚῘ
1307 2671 1331 2702 P
1348 2673 1402 2702 διο.
1429 2669 1433 2710 Ι
1453 2682 1506 2700 τι;
1532 2679 1594 2700 om.
1618 2668 1688 2699 Sin.
1714 2674 1739 2701 4
1768 2667 1772 2709 Ι
1794 2681 1844 2699 κυ-

236 2717 343 2760 pesh.‚
364 2727 428 2749 om.
452 2716 532 2749 13381
552 2717 638 2748 corb.
661 2727 725 2758 syr.
1076 2730 1104 2757 ρι
1109 2729 1153 2755 ου,
1175 2716 1222 2746 Ti.
1267 2728 1382 2755 κυριου.
1404 2714 1498 2754 ἸΙίο;.ς.
1543 2726 1580 2744 κυ
1582 2725 1649 2753 ριου
1668 2712 1755 2743 WH.

281 2763 311 2794 5.
336 2774 394 2792 του
419 2762 560 2792 διδοντος
585 2764 676 2791 θεουτ
712 2761 737 2791 Α
766 2773 823 2790 του
852 2763 923 2790 θεου
950 2773 1007 2790 του
1122 2762 1150 2791 9.
1177 2770 1240 2790 om.
1271 2761 1286 2789 ὁ
1312 2759 1545 2797 1)(ἷ.αδελφος
1580 2726 1604 2787 lp}
1632 2755 1840 2794 a1111.(NVII.

238 2808 389 2836 διδοντος.
1078 2804 1152 2834 bra·
1149 2803 1188 2833 ·k
1193 2806 1239 2833 τι

281 2851 296 2881 7
324 2849 402 2885 (and
430 2859 494 2879 τεν.
527 2850 589 2884 12).
649 2851 811 2886 λημψεται
840 2847 910 2878 Sin.
933 2848 1003 2883 AB,
