1938 3178
235 148 309 184 242
673 141 859 179 INDEX
890 140 957 177 OF
987 139 1177 177 GREEK
1214 139 1413 176 WORDS

232 251 519 318 συλλαμβάνωζ
548 250 572 286 i.
599 248 685 285 15³
667 265 690 315 η
711 247 886 296 ἐπιθυμια
906 245 1165 314 συλλαβοῦσα
1184 246 1298 284 τίκτει
1325 247 1519 295 ἁμαρτιαν.

232 307 304 345 σύν
321 320 327 342 :
357 306 381 342 i.
408 306 498 342 11ὂ
517 304 624 353 ἦλιος
643 303 715 340 σὺν
734 304 784 353 τῷ
805 302 980 339 καύσωνι.

232 360 455 411 συναγωγήῑ
485 359 525 396 ii.
552 360 572 394 2
596 357 750 406 εἰσέλθῃ
771 356 821 396 εἰς
840 373 991 406 συναγω
994 371 1064 406 γην
1084 356 1194 404 ὑμῶν.

232 415 443 466 συνεργέωῖ
474 414 514 450 ii.
538 413 626 449 22‘
609 430 631 461 η
652 427 779 450 πιστις
797 411 974 461 συνήργει
997 411 1076 450 τοῖς
1095 410 1216 460 ἔργοις
1235 411 1359 448 αὐτοῦ.

233 469 393 520 σφαγηῖ
424 481 460 505 V.
484 468 506 504 5
529 469 575 507 ὡς
595 468 632 504 ἐν
651 465 772 515 ἡμέρα
792 467 959 516 σφαγῆς.

232 525 365 572 σώζω·
394 523 418 559 i.
443 523 488 559 21
513 522 577 559 τὸν
597 520 798 569 δυνάμενον
817 522 942 557 σῶσαι
962 519 1027 559 τὰς
1047 520 1169 571 ψυχάς
1188 521 1302 569 ὑμῶν,
1323 519 1362 555 ii.
1389 518 1437 555 14
1452 535 1505 568 μη
1521 517 1704 557 δύναταις
1686 536 1709 567 η
1722 517 1851 558 πίστις

341 580 466 615 σῶσαι
485 575 622 619 affl-dm
650 575 702 611 iv.
730 575 777 611 12
800 575 820 611 ὃ
841 573 1039 623 δυνάμενος
1058 577 1183 612 σῶσαι
1203 574 1264 612 καὶ
1285 572 1484 617 ἀπολεσαι,
1501 586 1535 609 V.
1563 573 1650 610 15²
1632 590 1655 622 η
1677 573 1767 623 εὐχὴ
1786 574 1851 621 τῆς

341 632 502 671 πίστεως
521 630 640 668 σώσει
658 629 723 667 τὸν
743 629 942 678 κάμνοντα,
967 642 1002 665 V.
1028 630 1077 665 20
1098 629 1216 667 σώσει
1237 629 1360 679 ψυχὴν
1381 630 1420 665 ἐκ
1442 627 1613 666 θανάτου.

234 691 366 737 σῶμαῖ
397 686 436 722 ii.
463 686 510 722 16
531 685 578 723 τὰ
599 682 786 733 ἐπιτήδεια
814 685 880 720 τοῦ
911 684 1096 733 σώματος,
1126 683 1165 720 ii.
1202 684 1250 720 26
1283 684 1325 721 τὸ
1360 685 1469 731 σῶμα
1503 682 1616 732 χωρὶς
1645 682 1854 730 πνεύματος

343 741 470 790 νεκρόν
491 742 605 783 ἐστιν,
629 739 683 775 iii.
708 739 743 782 2,
767 739 802 782 3,
824 738 860 781 6,
883 737 973 775 ὅλον
992 738 1035 776 τὸ
1056 741 1178 787 σῶμα.

1028 882 1058 915 Τ

234 991 262 1014 c.
285 974 529 1024 ταλαιπωρέω
548 987 554 1010 :
586 974 637 1010 iV.
662 974 684 1009 9
705 973 1020 1023 ταλαιπωρήσατε
1041 973 1101 1010 καὶ
1120 972 1343 1022 πενθήσατε.

233 1030 467 1080 ταλαιπωρία
485 1043 492 1065 ;
523 1042 558 1065 V.
587 1029 602 1065 l
625 1029 869 1076 ὀλολύζοντες
889 1028 948 1065 ἐπὶ
968 1029 1049 1067 ταῖς
1073 1028 1341 1077 ταλαιπωρίαις
1361 1028 1471 1076 ὑμῶν.

233 1085 426 1125 ταπεινόςε
456 1085 480 1120 i.
505 1086 526 1120 9
549 1083 752 1134 καυχάσθω
772 1084 792 1120 ὁ
813 1081 978 1132 ἀδελφὸς
998 1083 1017 1120 ὁ
1044 1083 1214 1122 ταπεινὸς
1244 1085 1281 1119 ἐν
1313 1084 1364 1133 τῷ
1400 1082 1492 1132 ὕψει,
1527 1082 1578 1118 iv.
1615 1083 1636 1117 6
1672 1082 1856 1120 ταπεινοῖς

343 1138 494 1177 δίδωσιν
513 1139 635 1189 χάριν.

233 1194 436 1234 ταπεινόωῖ
467 1193 519 1229 iv.
546 1194 593 1229 10
615 1191 863 1240 ταπεινώθητε
884 1191 1037 1229 ἐνώπιον
1055 1193 1122 1229 τοῦ
1143 1191 1296 1240 Κυρίου.

233 1249 478 1288 ταπείνωσιςί
508 1248 532 1284 i.
559 1248 607 1284 10
629 1248 648 1284 ὁ
669 1246 707 1284 δὲ
726 1247 912 1287 πλούσιος
933 1248 970 1283 ἐν
989 1246 1036 1296 τῇ
1056 1246 1276 1284 ταπεινώσει
1295 1247 1418 1283 αὐτοῦ.

236 1319 266 1342 c.
288 1303 404 1354 ταχύς
423 1316 429 1339 :
460 1303 484 1338 i.
511 1302 557 1338 19
579 1301 694 1352 ταχὺς
714 1303 764 1341 εἷς
782 1301 825 1338 τὸ
845 1302 1014 1338 ἀκοῦσαι.

235 1372 297 1397 τεε
328 1358 381 1395 iii.
408 1356 429 1395 7
452 1356 588 1406 θηρίων
606 1372 647 1394 τε
666 1355 727 1393 καὶ
746 1357 931 1399 πετεινῶν,
953 1357 1115 1404 ἑρπετῶν
1133 1371 1173 1393 τε
1194 1354 1254 1392 καὶ
1280 1355 1446 1394 ἐναλίων.

235 1413 377 1452 τέλειος
396 1425 403 1447 :
433 1411 458 1448 i.
482 1411 506 1447 4
528 1411 638 1461 ἔργον
659 1410 804 1448 τέλειον
823 1410 938 1460 ἐχέτω
959 1410 1018 1447 ἵνα
1037 1409 1102 1458 ἦτε
1120 1410 1268 1453 τέλειοι,
1288 1409 1312 1446 i.
1342 1408 1386 1447 17
1409 1413 1484 1447 πᾶν
1512 1409 1663 1459 δώρημα
1696 1409 1854 1452 τέλειον,

345 1467 369 1503 i.
395 1466 443 1502 25
465 1465 579 1514 νόμον
597 1465 741 1502 τέλειον
760 1465 824 1502 τὸν
843 1466 908 1513 τῆς
929 1464 1149 1514 ἐλευθερίας,
1170 1464 1224 1501 iii.
1251 1465 1272 1500 2
1295 1463 1402 1505 οὗτος
1422 1465 1566 1504 τέλειος
1586 1465 1690 1513 ἀνήρ.

236 1522 387 1560 τελειόω
407 1534 414 1557 :
444 1520 483 1556 ii.
508 1520 557 1556 22
580 1521 619 1557 ἐκ
638 1521 710 1557 τῶν
734 1519 851 1569 ἔργων
870 1520 893 1568 ἡ
914 1519 1043 1559 πίστις
1063 1518 1269 1567 ἐτελειώθη.

236 1576 353 1614 τελέω
373 1589 380 1611 ;
408 1575 448 1612 ii.
473 1575 496 1611 8
517 1574 632 1623 νόμον
650 1575 793 1611 τελεῖτε
820 1573 1037 1621 βασιλικόν.

237 1631 346 1671 τέλος
365 1643 371 1666 :
402 1643 439 1665 V.
466 1630 477 1664 1
494 1629 507 1664 l
534 1629 577 1666 τὸ
597 1628 706 1668 τέλος
727 1628 868 1677 Κυρίου
889 1627 1013 1665 εἴδετε.

237 1686 457 1735 τηλικοῦτος
476 1696 482 1719 :
514 1683 569 1719 iii.
593 1682 616 1718 4
637 1683 684 1720 τὰ
702 1684 819 1719 πλοῖα
838 1684 1043 1731 τηλικαῦτα
1064 1682 1161 1720 ὅντα.

237 1739 354 1790 τηρέω
373 1752 380 1774 :
410 1739 432 1775 i.
459 1737 507 1775 27
529 1738 696 1775 ἄσπιλον
717 1737 846 1774 ἑαυτὸν
864 1739 1000 1786 τηρεῖν,
1021 1736 1060 1772 il'.
1089 1737 1135 1772 10
1156 1736 1261 1777 ὅστις
1281 1736 1371 1774 ὅλον
1391 1737 1456 1774 τὸν
1476 1737 1591 1786 νόμον
1611 1736 1769 1787 τηρήσῃ.

237 1795 348 1832 τίκτω
365 1806 372 1829 :
402 1793 425 1829 i.
452 1792 499 1828 15
521 1792 544 1840 ἡ
565 1791 739 1840 ἐπιθυμία
759 1791 1018 1840 συλλαβοῦσα
1037 1791 1151 1828 τίκτει
1172 1792 1366 1841 ἁμαρτίαν.

237 1848 358 1898 τίμιος
379 1861 386 1883 2
417 1860 453 1883 v.
478 1846 499 1884 7
520 1846 585 1884 τὸν
604 1846 727 1895 τίμιον
747 1845 889 1895 καρπὸν
907 1848 972 1894 τῆς
991 1847 1068 1896 γῆς.

238 1920 292 1944 τις
310 1916 317 1939 1
335 1899 644 1952 (substantivam
666 1900 699 1937 εἴ
715 1917 770 1940 τις
789 1901 812 1936 i.
829 1899 866 1943 5,
885 1901 947 1944 23,
966 1901 1029 1943 26,
1045 1899 1101 1937 iii.
1120 1901 1142 1936 2
1160 1914 1168 1945 ;
1191 1900 1253 1938 ἐάν
1267 1917 1321 1940 τις
1341 1900 1380 1937 ii.
1404 1900 1461 1943 14,
1488 1900 1549 1943 16,
1565 1913 1600 1936 v.
1621 1900 1668 1936 11)
1688 1913 1696 1945 ;
1718 1900 1858 1949 ἐρεῖτις

348 1958 411 1993 ὡς.
434 1956 475 1992 ii.
502 1952 561 2000 18,
582 1968 618 1991 v.
644 1955 704 1998 13,
730 1954 803 2000 143
832 1971 867 1992 τι
887 1954 910 1991 i.
936 1954 957 1992 7
979 1968 985 1991 ;
1017 1954 1259 2004 ((ιιζὶεσείυαῖ)
1281 1955 1454 2006 ἀπαρχήν
1482 1971 1563 1992 τινα
1593 1954 1616 1990 i.
1650 1955 1710 1998 18,
1737 1954 1858 1991 ἄλλον

347 2011 429 2049 τινὰ
447 2010 558 2059 ὅρκον
578 2022 614 2046 V.
642 2009 701 2046 12.

238 2066 316 2106 rie:
346 2065 385 2103 τί
402 2066 566 2114 οφελος,·
596 2063 634 2099 ii.
664 2063 723 2108 14,
751 2063 810 2106 16,
832 2063 887 2102 τίς
916 2063 1067 2112 σοφός;
1097 2063 1249 2108 δειξάτω
1279 2064 1333 2100 iii.
1362 2064 1421 2103 13,
1454 2064 1505 2101 σύ
1532 2063 1588 2103 τίς
1618 2061 1675 2106 εἶ,·
1708 2064 1756 2099 ἰν.
1797 2063 1854 2098 12.

349 2120 422 2157 See
443 2133 478 2168 p.
501 2118 623 2154 clxix.

240 2176 407 2214 τοιοῦτος
425 2186 432 2209 :
462 2173 512 2210 iv.
543 2172 588 2208 16
609 2174 716 2209 πᾶσα
737 2172 920 2222 καύχησις
938 2173 1101 2221 τοιαύτη.

240 2242 362 2279 τρεις;
392 2241 430 2265 v.
457 2226 504 2265 17
523 2226 708 2266 ἐνιαυτοὺς
720 2228 828 2275 τρεῖς.

241 2283 272 2320 b.
295 2282 421 2332 τρέφω
440 2295 447 2318 t
478 2294 514 2318 V.
538 2281 560 2317 5
584 2280 763 2331 ἐθρέψατε
782 2281 847 2321 τὰς
867 2279 1026 2330 καρδίας.

241 2352 270 2375 c.
294 2337 415 2387 τροπή
434 2349 441 2372 :
471 2336 496 2372 i.
523 2334 570 2373 17
590 2337 731 2384 τροπῆς
751 2335 1011 2385 ἀποσκίασμα.

241 2391 367 2441 τροφή
384 2404 390 2426 :
420 2390 458 2426 ii.
486 2390 532 2425 15
556 2389 771 2438 λειπόμενοι
790 2391 855 2438 τῆς
876 2389 1065 2457 ἐφημέρου
1084 2393 1237 2440 τροφῆς.

242 2461 270 2483 c
293 2445 454 2496 τροχόςῑ
485 2444 538 2481 iii.
565 2443 587 2479 6
610 2444 850 2493 φλογίζουσα
869 2444 933 2481 τὸν
952 2445 1089 2495 τροχὸν
1108 2447 1173 2494 τῆς
1192 2445 1382 2496 γενέσεως.

242 2515 272 2537 c.
294 2499 476 2549 τρυφάωῖ
506 2510 544 2535 V.
567 2497 851 2547 5ἐτρυφήσατε
872 2498 931 2535 ἐπὶ
946 2500 1011 2547 τῆς
1026 2501 1102 2550 γῆς.

1035 2641 1069 2675 Υ

245 2733 338 2783 ὕδωρ
357 2746 364 2769 2
395 2733 449 2769 iii.
476 2733 522 2769 12
545 2732 627 2769 οὔτε
648 2732 786 2769 ἁλυκὸν
805 2732 924 2782 γλυκὺ
943 2735 1099 2782 ποιῆσαι
1120 2732 1224 2783 ὕδωρ.

243 2788 368 2828 ὑετόςῑ
400 2800 434 2824 V.
460 2787 481 2825 7
503 2786 608 2824 ὑετὸν
628 2786 789 2835 πρόϊμον
810 2786 869 2823 καὶ
892 2786 1039 2836 ὄψιμον,
1062 2801 1098 2824 v.
1125 2788 1171 2823 18
1190 2790 1208 2825 ὁ
1230 2788 1383 2837 οὐρανὸς
1404 2788 1509 2826 ὑετὸν
1525 2787 1665 2826 ἔδωκεν.

244 2843 320 2882 υἱός
338 2856 344 2878 2
375 2842 413 2878 ii.
435 2842 478 2878 21
506 2840 699 2890 ἀνενέγκας
720 2839 853 2878 Ἰσαὰκ
873 2840 936 2879 τὸν
955 2841 1033 2880 υἱὸν
1059 2843 1180 2880 αὐτοῦ,
