1938 3178
529 137 716 174 INDEX
745 136 813 173 OF
843 135 1038 173 GREEK
1068 134 1271 172 WORDS
1632 133 1707 169 239

883 294 921 327 Π

95 400 234 437 πάλιν.
263 412 299 436 V.
326 399 374 435 18
394 398 510 435 πάλιν
529 397 782 446 προσηύξατο.

96 454 196 504 παρά
212 467 220 499 3
251 466 383 500 oyem.
406 453 430 490 1.
456 452 478 488 5
501 452 645 489 αἰτείτω
665 452 766 500 παρὰ
785 453 851 488 τοῦ
872 449 1035 490 διδόντος
1048 453 1155 494 Θεοῦ,
1178 451 1201 487 1.
1227 449 1247 488 7
1265 449 1460 499 λήμψεταί
1469 466 1505 486 τι
1524 449 1626 497 παρὰ
1645 451 1711 486 τοῦ

205 508 371 557 Κυρίου·
391 520 420 544 c.
443 506 523 542 dat.
546 506 570 543 1.
596 504 644 542 17
665 505 751 554 παρ’
776 522 803 541 ω
823 506 888 541 οὐκ
910 505 960 541 ἔνι
979 505 1222 555 παραλλαγή,
1243 505 1269 541 1.
1293 504 1342 541 27
1365 503 1547 554 θρησκεία
1567 503 1711 552 καθαρὰ

204 562 306 610 παρὰ
323 563 374 612 τῷ
393 562 482 611 Θεῷ.
543 560 615 596 See
637 572 699 608 pp.
722 559 874 602 clxxiii,
896 559 1042 595 clxxiv.

95 616 344 666 παραβάτης.
384 614 424 651 11.
462 615 483 650 9
521 613 762 664 ἐλεγχόμενοι
792 614 838 653 ὡς
870 613 1100 662 παραβάται,
1134 613 1175 649 11.
1213 612 1258 648 11
1296 612 1455 663 γέγονας
1487 611 1712 661 παραβάτης

203 669 328 718 νόμου.

96 724 324 773 παρακύπτω
344 735 351 759 2
381 722 405 759 1.
430 721 478 758 25
502 723 521 759 ὃ
542 721 580 758 δὲ
599 721 823 771 παρακύψας
843 722 893 761 εἰς
913 721 1039 770 νόμον.

97 792 126 816 c.
149 777 380 827 παραλλαγή
397 789 403 812 :
435 775 483 814 17
504 776 736 825 παραλλαγὴ
756 774 779 823 ἦ
799 777 939 824 τροπῆς
959 775 1219 824 ἀποσκίασμα.

97 831 422 882 παραλογίζομαιῖ
451 830 475 867 1.
500 831 549 866 22
570 829 910 879 παραλογιζόμενοι
929 830 1090 869 ἑαυτούς.

97 885 319 935 παραμένωί
349 885 374 921 1.
399 885 485 920 25ε
470 902 490 922 ο
510 884 732 933 παρακύψας
753 884 813 920 καὶ
838 884 1076 932 παραμείνας.

97 954 125 977 6.
148 940 384 989 παράπτωμα
398 938 467 989 (’ἔ);
497 951 534 975 V.
571 939 618 975 16
648 938 941 988 ἐξομολογεῖσθε
967 938 1153 986 ἀλλήλοις
1180 938 1227 975 τὰ
1256 937 1539 987 παραπτώματα
1562 936 1627 987 (αἶ.
1650 937 1715 976 τὰς

205 991 415 1043 ἁμαρτίας).

99 1048 362 1098 παρέρχομαι;
391 1046 529 1083 1.1Ο
511 1063 558 1086 ως
578 1046 688 1086 ἄνθος
707 1045 846 1095 χόρτου
865 1046 1150 1095 παρελεύσεται.

100 1102 314 1151 παρουσία.
344 1114 381 1138 V.
406 1101 467 1139 '7‘r
451 1118 516 1141 εως
534 1103 599 1150 τῆς
618 1116 827 1150 παρουσιας
846 1102 912 1138 τοῦ
932 1100 1086 1149 Κυρίου,
1108 1113 1145 1137 V.
1169 1100 1231 1136 8
1213 1117 1236 1148 η
1255 1100 1447 1149 παρουσία
1474 1101 1540 1137 τοῦ
1572 1099 1714 1149 Κυρίου

207 1156 370 1206 ἤγγικεν.

100 1214 195 1251 πᾶςῑ
224 1211 248 1247 1.
273 1211 295 1246 2
317 1213 446 1247 πᾶσαν
465 1210 585 1260 χαρὰν
603 1208 817 1276 ἦγησξισθε,
840 1208 876 1253 5,
899 1209 935 1252 8,
961 1208 1022 1253 17,
1048 1209 1108 1252 19,
1133 1207 1626 1252 21,11.10,111.7,16,1ν.
1652 1207 1714 1251 16,

208 1278 245 1302 V.
272 1265 319 1300 12
349 1264 422 1313 πρὸ
450 1265 598 1301 πάντων
625 1263 678 1312 μὴ
699 1263 861 1312 ὀμνύετε.
922 1263 994 1299 See
1015 1276 1077 1312 pp.
1101 1262 1222 1306 clxvi,
1243 1262 1380 1299 clxvii.

101 1319 249 1368 πατήρέ
279 1317 378 1356 1.17
399 1318 522 1368 πατὴρ
552 1320 623 1355 τῶν
653 1317 797 1366 φωτων,
819 1317 843 1354 1.
868 1316 917 1355 27
938 1319 989 1354 τῶ
1007 1319 1088 1367 Θεῷ
1107 1317 1168 1354 καὶ
1188 1317 1324 1366 Πατρί,
1346 1317 1385 1354 11.
1410 1317 1455 1353 21
1487 1315 1711 1366 Ἀβρααμ
1695 1334 1715 1354 0

208 1373 332 1422 πατὴρ
351 1374 466 1421 ἡμῶν,
486 1372 542 1409 iii.
566 1372 588 1407 9
611 1373 838 1421 εὐλογοῦμεν
857 1372 922 1409 τὸν
941 1371 1083 1421 Κύριον
1104 1371 1165 1408 καὶ
1185 1371 1349 1421 Πατέρα.

101 1427 215 1466 πείθω
235 1440 241 1463 ;
272 1428 326 1463 iii.
351 1428 384 1463 3.
409 1428 458 1466 εἰς
477 1426 520 1464 τὸ
540 1425 736 1465 πείθεσθαι
755 1425 888 1465 αὐτοὺς
906 1426 1004 1474 ἡμῖν.

100 1482 283 1532 πειράζωῖ
312 1482 336 1517 1.
374 1482 421 1517 13
456 1480 584 1530 μηδεὶς
613 1481 875 1546 πειραζόμενος
904 1480 1045 1530 λεγέτω
1079 1479 1136 1517 ὅτι
1169 1479 1242 1517 ἀπὸ
1272 1481 1369 1516 Θεοῦ
1401 1479 1654 1528 πειράζομαι.
1664 1477 1716 1528 .(ὁ

209 1534 316 1584 Θεὸς)
337 1535 500 1584 πειράζει
520 1534 691 1577 οὗδενα,
682 1534 961 1574 1.1-1“εκαστος
980 1535 1226 1583 πειράζεται
1210 1534 1280 1571 υπὸ
1300 1536 1366 1582 τῆς
1388 1533 1480 1572 ἰδίας
1509 1533 1713 1582 ἐπιθυμίας.

99 1604 128 1627 6.
151 1590 386 1639 πειρασμός.
420 1589 444 1626 1.
477 1590 499 1625 2
531 1589 619 1626 ὅταν
648 1590 871 1637 πειρασμοῖς
903 1605 1130 1638 περιπεσητε
1162 1587 1359 1633 ποικίλοις,
1389 1588 1501 1624 1.12
1535 1588 1717 1637 μακάριος

209 1644 300 1693 ἀνὴρ
321 1643 360 1683 ὃς
379 1643 552 1692 ὗπομενει
569 1643 789 1692 πειρασμόν.

98 1698 239 1737 πενθέω
258 1712 264 1735 :
294 1698 346 1735 iv.
371 1698 392 1734 9
413 1697 625 1745 πενθήσατε
646 1697 706 1734 καὶ
725 1697 926 1734 κλαύσατε.

100 1753 233 1792 πένθος
252 1765 258 1788 :
287 1753 341 1789 iV.
364 1752 386 1788 9
409 1753 428 1789 ὁ
448 1751 568 1818 γέλως
587 1752 685 1800 ὗμῶν
706 1753 756 1791 εἷς
775 1751 909 1791 πένθος
927 1751 1242 1817 μεταστραφήτω.

102 1807 309 1857 περιπίπτω
329 1820 335 1842 ;
365 1806 386 1842 1.
409 1807 466 1842 2
453 1806 542 1843 όταν
560 1822 784 1855 πειρασμοις
802 1822 1028 1854 περιπεσητε
1047 1805 1243 1849 ποικίλοις,
1265 1805 1344 1841 and
1365 1805 1468 1841 Adel.
1486 1819 1492 1841 :
1515 1804 1564 1841 Cf.
1581 1804 1712 1852 Epicb.

210 1861 377 1898 Enclcf)
357 1884 377 1896 ..1
404 1860 558 1910 ὀρεξεως
585 1860 793 1928 ἐπαγγελία
817 1860 987 1910 ἐπιτυχία
1013 1859 1055 1897 οὗ
1082 1860 1207 1911 ὀρέγῃ,
1225 1860 1426 1899 ἐκκλίσεως
1447 1858 1654 1909 ἐπαγγελία
1673 1858 1716 1896 τὸ

211 1915 264 1964 μὴ
285 1916 501 1964 περιπεσεῖν
521 1914 643 1951 ἐκείνω
664 1913 683 1951 ὃ
703 1912 922 1951 ἐκκλινεται.

104 1983 132 2006 6.
155 1969 382 2019 περισσείαῑ
411 1969 434 2005 i.
461 1969 507 2004 21
531 1971 659 2005 πᾶσαν
676 1968 858 2017 ῥυπαρίαν
878 1968 939 2005 καὶ
957 1969 1179 2018 περισσείαν
1199 1968 1337 2007 κακίας.

103 2023 267 2063 πετεινός
286 2036 292 2059 :
323 2023 378 2059 iii.
402 2022 424 2060 7
446 2025 553 2060 πᾶσα
574 2023 690 2071 φύσις
710 2022 845 2071 θηρίων
864 2039 904 2060 τε
925 2022 985 2059 καὶ
1005 2025 1178 2060 πετεινῶν
1199 2021 1410 2072 δαμάζεται.

104 2077 207 2128 πηγή
224 2090 230 2113 :
260 2077 315 2113 111.
340 2077 384 2113 11
409 2077 499 2126 μήτι
517 2077 540 2125 ἡ
560 2077 663 2125 πηγὴ
681 2077 791 2126 βρύει
810 2076 853 2114 τὸ
867 2076 1012 2127 γλυκύ,·

104 2132 288 2181 πηδάλιον
305 2144 312 2167 :
341 2131 396 2167 iii.
420 2131 444 2166 4
464 2132 510 2168 τὰ
530 2132 647 2168 πλοῖα
665 2131 865 2181 μετάγεται
885 2131 956 2168 ὑπὸ
977 2131 1182 2181 ἐλαχίστου
1201 2129 1397 2179 πηδαλίου.

105 2200 134 2224 c.
156 2185 288 2235 πικρός
306 2198 313 2222 2
342 2185 399 2222 iii.
424 2185 470 2221 11
495 2185 538 2222 τὸ
557 2185 677 2235 γλυκὺ
698 2185 758 2222 καὶ
777 2185 819 2222 τὸ
838 2185 981 2234 πικρόν,
1001 2185 1057 2222 111.
1083 2185 1132 2221 14
1153 2187 1268 2234 ζῆλον
1287 2184 1429 2234 πικρόν.

106 2240 253 2278 πίπτω;
284 2253 320 2277 V.
347 2239 394 2275 12
418 2239 476 2277 ἵνα
494 2239 546 2288 μὴ
567 2239 637 2277 ὑπὸ
658 2239 781 2288 κρίσιν
800 2239 951 2288 πέσητε.

106 2294 270 2332 πιστέυω
289 2307 297 2330 t
326 2293 366 2330 11.
392 2294 439 2330 19
461 2293 510 2331 σὺ
529 2293 716 2333 πιστεύεις
732 2293 789 2331 ὅτι
808 2293 858 2333 εἷς
879 2293 982 2331 ἐστὶν
1002 2294 1021 2331 ὁ
1034 2293 1171 2340 Θεός,..
1183 2293 1258 2330 ,καὶ
1276 2293 1323 2331 τὸ.
1343 2291 1512 2342 δαιμόνια
1525 2293 1719 2331 πιστεύου-

216 2365 290 2393 σιν,
310 2347 350 2384 11.
375 2348 424 2384 23
447 2348 668 2385 ἐπίστευσεν
688 2347 726 2385 δὲ
745 2346 924 2397 Ἀβραὰμ
943 2350 992 2398 τῷ
1011 2350 1102 2398 Θεῷ.

107 2415 261 2442 πιστιςῖ
290 2402 314 2438 1.
339 2402 361 2438 3
382 2419 425 2439 το
446 2401 613 2450 δοκίμιον
631 2404 696 2450 τῆς
715 2402 887 2446 πίστεως,
909 2402 933 2438 1.
958 2403 979 2438 6
1011 2402 1155 2439 αἰτείτω
1185 2401 1223 2439 δὲ
1244 2404 1282 2439 ἐν
1313 2402 1452 2446 πίστει,
1474 2402 1513 2438 11.
1540 2403 1556 2438 1
1594 2401 1647 2450 μὴ
1683 2403 1720 2438 ἐν

216 2456 583 2506 προσωπολημψίαις
603 2455 705 2506 ἔχετε
724 2457 792 2505 τὴν
811 2456 950 2500 πίστιν,
972 2456 1011 2492 11.
1035 2456 1057 2492 5
1079 2456 1286 2496 πλουσίους
1307 2459 1344 2494 ἐν
1351 2456 1500 2521 πίστει,
1521 2456 1560 2492 11.
1587 2456 1636 2492 14
1657 2456 1720 2493 ἐὰν

217 2510 347 2548 πίστιν
361 2510 455 2560 λέγῃ
468 2526 523 2550 τις
543 2510 746 2560 ἔχειν...μὴ
767 2509 954 2548 δύναται
937 2526 958 2558 η
979 2527 1107 2550 πιστις
1125 2513 1250 2548 σῶσαι
1269 2511 1405 2554 αὐτόν,·
1424 2511 1463 2547 11.
1482 2509 1529 2548 17
1551 2511 1573 2559 ἡ
1593 2526 1721 2549 πιστις

217 2564 339 2613 νεκροί,
360 2564 400 2600 11.
427 2565 474 2601 18
507 2563 556 2601 σὺ
588 2564 718 2601 πίστιν
747 2564 872 2615 ἔχεις..
883 2564 1017 2609 ,δεῖξον
1045 2582 1077 2602 τ.
1099 2565 1230 2602 πίστιν
1257 2565 1370 2626 χωρὶς
1402 2582 1434 2602 τ.
1470 2565 1586 2614 ἔργων
1619 2565 1720 2614 καγὼ

221 2618 326 2663 δείξω
346 2621 385 2655 ἐκ
404 2621 475 2655 τῶν
496 2618 612 2668 ἔργων
629 2635 702 2666 μου
729 2635 761 2656 τ.
783 2619 954 2663 πίστιν,
944 2619 983 2655 11.
1007 2620 1058 2656 20
1087 2636 1125 2656 π.
1148 2619 1257 2669 ἀργή,
1278 2620 1316 2655 11.
1341 2619 1389 2655 22
1419 2620 1442 2668 ἡ
1471 2636 1510 2655 π.
1544 2618 1721 2668 συνήργει

218 2689 250 2710 τ.
288 2673 506 2722 ἔργοις...ἐκ
538 2688 570 2709 τ.
608 2672 725 2723 ἔργων
753 2673 777 2721 ἡ
810 2690 848 2710 π.
887 2673 1094 2722 ἐτελειώθη,
1116 2674 1157 2710 11.
1181 2674 1231 2709 24
1252 2675 1317 2710 οὐκ
1348 2676 1387 2710 ἐκ
1416 2673 1577 2712 πίστεως
1605 2689 1720 2720 μονον

221 2726 423 2775 ἐδικαιώθη,
444 2726 485 2763 11.
509 2727 557 2762 26
582 2727 605 2775 ἡ
624 2743 663 2763 π.
686 2727 798 2777 χωρὶς
819 2727 935 2777 ἔργων
955 2728 1075 2777 νεκρά,
1096 2740 1133 2765 V.
1160 2728 1207 2763 15
1229 2728 1251 2776 ἡ
1273 2728 1362 2777 εὐχὴ
1381 2729 1447 2776 τῆς
1465 2727 1637 2766 πίστεως.

111 2781 290 2818 πλανάωί
320 2781 347 2817 1.
372 2781 419 2817 16
440 2780 493 2829 μὴ
513 2781 722 2824 πλανᾶσθε,
745 2794 781 2818 V.
809 2781 856 2817 19
879 2782 941 2818 ἐάν
960 2798 1015 2822 τις
1033 2782 1208 2831 πλανηθῇ
1229 2782 1302 2819 ἀπὸ
1321 2783 1386 2830 τῆς
1405 2780 1590 2830 ἀληθείας.

111 2836 237 2884 πλάνη
256 2848 263 2871 1
294 2847 328 2872 V.
353 2835 403 2871 20
425 2836 444 2872 ὁ
467 2835 695 2884 ἐπιστρέψας
715 2835 936 2884 ἁμαρτωλὸν
957 2838 996 2873 ἐκ
1015 2836 1159 2884 πλάνης
1181 2834 1267 2873 ὁδοῦ
1287 2837 1408 2872 aiv-03.
