1938 3178
492 133 678 170 INDEX
707 133 775 170 OF
805 132 999 169 GREEK
1030 131 1230 168 WORDS
1592 132 1665 168 231

57 240 151 277 ἕλκω
170 254 177 276 2
207 240 246 276 11.
268 240 289 276 6
313 240 487 278 ἕλκουσιν
506 240 600 288 ὑμᾶς
620 240 670 278 εἷς
690 238 868 287 κριτήρια.

55 294 308 343 ἐμπορεύομαι
325 309 332 331 ;
362 295 414 330 iV.
441 294 487 329 13
511 293 570 330 καὶ
591 293 899 341 ἐμπορευσόμεθα
919 292 980 329 καὶ
1000 291 1241 342 κερδήσομεν.

54 361 83 384 c.
107 347 271 397 ἔμφυτος
288 363 294 385 :
325 348 348 384 i.
373 348 419 384 21
445 346 603 392 δέξασθε
621 347 686 384 τὸν
706 347 872 395 ἔμφυτον
891 347 1017 396 λόγον.

55 404 118 439 ἐνὶ
148 401 232 446 1.1,
255 403 290 446 4,
314 403 350 446 6,
374 403 410 446 8,
434 402 550 446 9,10,
577 401 637 443 11,
661 401 722 444 21,
746 401 808 445 23,
832 401 893 445 25,
914 401 974 441 27,
996 400 1035 436 11.
1058 401 1090 444 1,
1110 401 1144 444 2,
1164 400 1200 444 4,
1217 399 1495 444 5,10,16,111.
1519 400 1554 443 2,
1575 400 1610 443 6,
1630 399 1665 443 9,

166 456 227 500 13,
252 457 313 500 14,
338 457 398 500 18,
419 456 471 491 iV.
498 456 530 500 1,
555 455 589 499 3,
612 455 649 498 5,
674 456 735 498 16,
767 467 803 490 V.
827 455 862 498 3,
890 455 927 498 5,
952 455 1013 498 10,
1038 455 1099 498 13,
1126 454 1185 498 14,
1211 455 1271 491 19.
1331 454 1403 490 See
1432 466 1494 503 pp.
1527 453 1668 490 clxxiii

162 509 261 554 foll„
283 509 489 546 clxxxviii.

54 577 80 600 c.
87 563 125 599 cl.
150 564 319 604 ἐνάλιοςε
346 564 401 600 111.
426 562 447 601 T
469 566 575 600 πᾶσα
596 563 712 611 φύσις
732 564 893 612 ἑρπετῶν
912 579 952 599 τε
973 562 1034 599 καὶ
1054 562 1219 600 ἐναλίων.

54 617 230 668 ἐνεργεωε
261 631 297 654 V.
323 618 370 654 16
388 617 514 666 δέησις
534 616 674 654 δικαίου
703 616 957 666 ἐνεργουμένη.
1234 623 1236 627 “

54 672 130 708 ἔνι;
161 671 259 709 1.17
280 689 355 721 παρ
386 670 413 721 ᾠ
432 673 498 709 οὐκ
519 687 570 708 ενι
588 669 858 720 παραλλαγὴ’
839 688 862 719 η
882 672 1021 720 τροπῆς
1050 670 1310 718 ἀποσκίασμα.

55 724 240 765 {monn-63:
270 726 322 762 iV.
348 727 395 762 13
417 725 626 774 ποιήσομεν
646 726 721 761 ἐκεῖ
739 725 904 762 ἐνιαυτὸν
933 725 1006 769 ἕνα,
1036 737 1074 761 V.
1115 725 1160 762 17
1199 726 1264 762 οὐκ
1299 724 1452 774 ἔβρεξεν
1483 723 1669 764 ἐνιαυτοὺς

161 781 267 828 τρεῖς.

53 834 180 884 ἔνοχος
197 847 203 870 :
234 834 273 870 ii.
299 834 346 870 10
366 833 518 884 γέγονεν
536 834 683 870 πάντων
704 833 840 884 ἔνοχος.

53 888 218 926 ἐντεῦθεν
237 901 243 924 :
272 887 324 924 iv.
345 888 362 923 1
387 888 502 925 πόθεν
520 888 706 935 πόλεμοι,·
736 889 802 924 οὐκ
822 887 996 932 ἐντεῦθεν,
1020 889 1060 923 ἐκ
1079 889 1150 924 τῶν
1169 886 1308 936 ἡδονῶν
1327 888 1450 936 ὑμῶν,-

51 956 80 979 e.
105 942 256 979 ἐνώπιον
274 957 281 979 ;
311 942 363 978 iV.
389 943 437 978 10
457 942 704 991 ταπεινώθητε
725 941 878 979 ἐνώπιον
896 943 962 978 τοῦ
992 941 1144 990 Κυρίου.

52 996 94 1041 ἐξ
108 1009 115 1031 :
146 1008 210 1032 see
231 999 279 1033 ἐκ.

53 1051 117 1094 ἕξῑ
148 1063 184 1086 V.
211 1051 257 1087 1⁴1·
280 1051 345 1088 οὐκ
366 1050 516 1099 ἔβρεξεν
537 1049 720 1090 ἐνιαυτοὺς
739 1051 836 1098 τρεῖς
857 1049 916 1086 καὶ
935 1051 1053 1098 μῆνας
1073 1049 1122 1094 ἕξ.

51 1118 80 1141 c.
105 1103 241 1148 ἐξέλκω
261 1118 267 1141 :
296 1105 321 1141 1.
348 1105 395 1140 14
416 1104 486 1141 ὑπὸ
501 1106 565 1152 τῆς
586 1103 677 1144 ἰδίας
697 1104 890 1152 ἐπιθυμίας
907 1103 1156 1152 ἐξελκόμενος.

52 1158 250 1209 ἐξέρχομαι
267 1172 274 1195 :
304 1158 360 1195 iii.
386 1159 434 1194 10
456 1161 495 1195 ἐκ
514 1160 581 1195 τοῦ
600 1160 713 1196 αὐτοῦ
733 1158 923 1206 στόματος
943 1157 1131 1208 ἐξέρχεται
1151 1158 1304 1208 εὐλογία
1324 1158 1383 1195 καὶ
1404 1159 1554 1208 κατάρα.

51 1226 80 1249 e.
104 1212 422 1263 ἐξομολογέομαιε
454 1226 490 1249 V.
516 1213 563 1249 16
587 1213 879 1263 ἐξομολογεῖσθε
900 1212 1084 1260 ἀλλήλοις
1102 1213 1148 1249 τὰ
1167 1212 1461 1261 παραπτώματα.

51 1281 82 1304 c.
105 1267 204 1304 ἔοικα
222 1281 228 1303 :
258 1267 282 1303 1.
307 1268 328 1303 6
348 1269 366 1304 ὁ
386 1268 458 1317 γὰρ
479 1266 751 1316 διακρινόμενος
780 1266 894 1304 ἔοικεν
913 1266 1071 1304 κλύδωνι
1091 1267 1302 1315 θαλάσσης,
1318 1268 1342 1303 1.
1362 1267 1411 1303 23
1429 1266 1536 1307 οὗτος
1553 1266 1668 1305 ἔοικεν

161 1320 264 1369 ἀνδρὶ
283 1323 522 1359 κατανοοῦντι
540 1321 582 1358 τὸ
608 1321 813 1370 πρόσωπον
832 1322 955 1358 αὐτοῦ.

52 1375 276 1426 ἐπαγγέλλω
294 1389 301 1412 :
332 1375 357 1412 i.
382 1375 429 1411 12
450 1375 515 1412 τὸν
534 1374 725 1422 στέφανον
746 1373 787 1412 ὃν
816 1374 1069 1425 ἐπηγγείλατο
1088 1376 1166 1414 τοῖς
1186 1376 1382 1425 ἀγαπῶσιν
1410 1375 1533 1420 αὐτόν,
1564 1375 1605 1412 11.
1642 1374 1666 1411 5

159 1431 224 1478 τῆς
242 1429 446 1477 βασιλείας
464 1428 508 1478 ἧς
533 1429 796 1479 ἐπηγγείλατο.

53 1484 202 1522 ἔπειτα;
233 1483 288 1520 111.
314 1482 361 1521 17
381 1485 405 1532 ἡ
425 1482 464 1521 δὲ
477 1483 615 1521 ἄνωθεν
631 1483 754 1531 σοφία
772 1485 919 1532 πρῶτον
937 1483 1253 1531 μὲν...ὲ’πειτα...,
1268 1483 1320 1519 iV.
1342 1483 1390 1519 14
1407 1483 1515 1532 ἀτμίς
1535 1485 1622 1521 ἐστε
1641 1484 1664 1532 ἡ

159 1537 252 1587 πρὸς
272 1537 403 1588 ὀλίγον
422 1537 642 1605 φαινομένη,
666 1537 792 1574 ἔπειτα
812 1537 872 1574 καὶ
893 1537 1157 1586 ἀφανιζομένη.

52 1591 283 1642 ἐπερχομαιτ
313 1605 349 1628 V.
375 1593 392 1628 1
418 1592 478 1629 ἐπὶ
497 1593 578 1631 ταῖς
596 1591 897 1640 ταλαιπωρίαις“
881 1594 982 1640 υμῶν
1000 1594 1081 1631 ταῖς
1101 1591 1372 1659 ἐπερχομεναις.

53 1647 116 1683 ἐπί
130 1662 137 1683 ;
167 1646 260 1682 with
280 1659 356 1682 acc.
379 1646 419 1682 ii.
443 1646 465 1682 3
488 1645 757 1694 ἐπιβλεψητε’
741 1645 801 1683 επὶ
820 1646 885 1683 τὸν
905 1648 1105 1695 φορουντα,
1133 1646 1172 1682 11.
1204 1645 1225 1684 7
1246 1646 1289 1683 τὸ
1311 1646 1429 1695 ὄνομα
1453 1645 1497 1683 τὸ
1518 1647 1666 1692 ἐπικλη-

161 1701 222 1738 θὲν
254 1698 314 1749 ἐφ
336 1702 441 1749 υμᾶς,
471 1699 512 1736 11.
546 1700 592 1736 21
628 1699 824 1750 ἀνενεγκας
853 1699 918 1737 τὸν
949 1700 1028 1738 υἶὸν
1061 1700 1122 1737 ἐπὶ
1153 1700 1196 1738 τὸ
1228 1700 1508 1749 θυσιαστήριον,
1540 1712 1577 1737 V.
1617 1700 1666 1736 14

159 1753 508 1803 προσευξάσθωσαν
528 1752 584 1791 ἐπ’
609 1754 745 1800 αὐτόν,
776 1754 869 1790 with
886 1767 969 1802 9672.
991 1767 1029 1790 V.
1052 1755 1089 1798 5,
1115 1755 1162 1792 17
1185 1754 1245 1791 ἐπὶ
1264 1756 1329 1803 τῆς
1347 1756 1416 1804 γῆς
1433 1767 1442 1800 3
1470 1754 1562 1790 wille
1582 1754 1662 1791 dat.

159 1821 196 1844 V.
236 1809 253 1844 1
290 1809 534 1856 ὀλολύζοντες
568 1808 628 1846 ἐπὶ
646 1810 727 1848 ταῖς
758 1809 1037 1858 ταλαιπωρίαις,
1071 1821 1109 1845 V.
1148 1807 1169 1846 7
1197 1809 1445 1858 μακροθυμῶν
1474 1806 1530 1846 ἐπ’
1553 1810 1662 1860 αὐτῷ.

161 1863 233 1899 See
252 1875 289 1911 p.
311 1862 435 1899 clxxii
455 1862 539 1899 foll.

51 1916 245 1964 ἐπιβλέπω
264 1930 271 1952 :
302 1917 341 1952 11.
365 1917 388 1953 3
410 1918 473 1953 ἐὰν
492 1916 725 1966 ἐπιβλέψητε
746 1916 806 1953 ἐπὶ
824 1916 889 1954 τὸν
918 1918 1107 1966 φοροῦντα
1125 1916 1193 1965 τὴν
1213 1917 1355 1965 ἐσθῆτα
1376 1916 1445 1965 τὴν
1473 1917 1662 1966 λαμπράν.

52 1971 211 2021 ἐπίγειος
229 1984 236 2006 :
265 1971 320 2007 111.
347 1970 393 2006 15
415 1971 508 2019 αὕτη
527 1972 550 2019 ἡ
570 1971 693 2019 σοφία
713 1970 882 2020 ἐπίγειος.

52 2025 212 2073 ἐπιεικής
230 2038 237 2060 :
266 2025 323 2061 iii.
349 2024 396 2062 17
417 2026 440 2073 ἡ
457 2024 494 2062 δὲ
515 2025 653 2063 ἄνωθεν
672 2024 795 2073 σοφία
815 2024 983 2074 ἐπιεικής.

51 2079 257 2128 ἐπιθυμέωῖ
286 2078 339 2115 iv.
364 2079 385 2114 2
409 2079 617 2128 ἐπιθυμεῖτε
637 2079 698 2116 καὶ
719 2080 784 2116 οὐκ
805 2079 917 2129 ἔχετε.

52 2133 249 2182 ἐπιθυμίαῑ
278 2133 302 2169 1.
342 2133 403 2177 14,
440 2132 487 2169 15
521 2133 679 2173 ἕκαστος
710 2133 922 2180 πειράζεται
958 2133 1030 2171 ὑπὸ
1062 2135 1128 2182 τῆς
1163 2133 1254 2174 ἰδίας
1288 2133 1494 2183 ἐπιθυμίας·
1530 2132 1609 2171 εἶτα
1641 2135 1665 2183 ἡ

161 2187 334 2236 ἐπιθυμία
354 2187 612 2235 συλλαβοῦσα
630 2187 744 2224 τίκτει
764 2187 957 2236 ἁμαρτίαν.

52 2241 234 2278 ἐπικαλέω
250 2254 257 2277 :
286 2241 327 2277 11.
347 2242 368 2278 7
389 2241 432 2278 τὸ
453 2241 570 2278 καλὸν
589 2241 706 2289 ὄνομα
725 2241 768 2278 τὸ
785 2242 983 2289 ἐπικληθεν
1003 2239 1064 2290 ἐφ’
1083 2243 1186 2291 ὑμᾶς.

51 2295 283 2333 ἐπιλανθάνω
302 2308 309 2331 :
339 2295 363 2331 i.
387 2296 438 2331 24
459 2295 590 2335 εὐθέως
609 2295 812 2333 ἐπελάθετο
832 2297 960 2335 ὁποῖος
978 2295 1033 2344 ἦν.

50 2364 80 2387 c.
105 2350 364 2398 ἐπιλησμονήὶ
394 2349 419 2385 1.
439 2350 487 2386 25
510 2349 692 2398 ἀκροατὴς
712 2351 976 2399 ἐπιλησμονῆς.

52 2404 234 2441 ἐπιποθέω
254 2416 260 2439 :
290 2404 342 2440 iv.
365 2403 388 2439 5
409 2403 502 2452 πρὸς
521 2404 663 2452 φθόνον
683 2405 854 2442 ἐπιποθεῖ
871 2404 914 2441 τὸ
932 2406 1086 2453 πνεῦμα.

52 2457 324 2506 ἐπισκέπτομαι
342 2471 349 2493 2
379 2458 403 2493 1.
428 2458 478 2495 27
500 2457 792 2496 ἐπισκέπτεσθαι
812 2457 999 2507 ὀρφανοὺς
1019 2458 1079 2496 καὶ
1097 2459 1224 2509 χήρας.

52 2512 256 2560 ἐπίσταμαι
274 2524 280 2547 :
310 2512 362 2548 iv.
388 2512 436 2547 14
457 2513 522 2549 οὐκ
543 2512 750 2550 ἐπίστασθε
769 2512 811 2549 τὸ
839 2514 904 2561 τῆς
924 2513 1063 2562 αὔριον.

51 2580 80 2603 c.
105 2566 341 2614 ἐπιστήμωνῑ
371 2565 425 2602 111.
451 2566 498 2601 13
520 2566 575 2605 τίς
594 2566 718 2614 σοφὸς
739 2566 799 2603 καὶ
820 2566 1035 2615 ἐπιστήμων
1055 2569 1093 2604 ἐν
1121 2568 1231 2616 ὗμῖν;

52 2619 293 2669 ἐπιστρέφωῑ
323 2633 359 2655 V.
386 2620 432 2656 19
455 2620 517 2656 εὀίν
535 2636 590 2659 τις
609 2621 795 2670 πλανηθῇ,
825 2620 885 2657 καὶ
919 2621 1127 2672 ἐπιστρέψῃ
1157 2638 1212 2662 τις
1235 2621 1357 2667 αὐτόν,
1378 2634 1415 2658 V.
1453 2622 1503 2658 20
1539 2623 1558 2660 ὁ
1591 2624 1664 2659 ἐπι·

161 2674 327 2724 στρέψας
347 2674 579 2723 ἁμαρτωλόν.

51 2741 80 2765 c.
104 2727 307 2776 ἐπιτήδειος
325 2740 331 2763 :
362 2727 402 2764 11.
429 2728 475 2764 16
496 2728 543 2765 τὰ
563 2727 749 2776 ἐπιτήδεια
768 2730 835 2765 τοῦ
861 2728 1047 2777 σώματος·

51 2782 282 2832 ἐπιτυγχάνω
299 2794 306 2817 :
335 2781 388 2818 iV.
414 2782 435 2818 2
458 2783 625 2830 ζηλοῦτε,
646 2781 707 2819 καὶ
722 2783 765 2819 οὗ
780 2782 940 2821 δύνασθε
961 2785 1158 2833 ἐπιτυχεῖν,
1178 2782 1228 2821 cf.
1251 2783 1353 2821 Add.
1403 2784 1444 2820 A
1463 2783 1663 2821 technical

158 2840 264 2872 term
284 2834 325 2872 of
344 2836 414 2872 the
435 2836 542 2873 Stoic
562 2835 811 2885 philosophy,
835 2849 900 2873 see
919 2837 1139 2886 περιπίπτω.
