1938 3178
262 128 326 166 clx
685 126 799 164 THE
826 124 1052 163 EPISTLE
1081 124 1148 162 OF
1178 123 1246 161 ST.
1279 122 1464 160 JAMEs

262 232 425 288 phrase.
488 231 549 273 Of
577 232 638 284 (1)
674 245 733 271 we
766 230 874 270 have
899 228 975 269 the
996 227 1213 283 following
1235 226 1478 281 examples:
1511 224 1586 268 τὸν
1608 225 1751 278 τίμιον
1773 242 1874 280 καρ-

263 298 348 342 πόν
370 314 405 341 v.
430 298 467 349 7,
490 302 566 351 τῆς
597 301 737 350 καλῆς
767 296 1052 351 ἀναστροφῆς
1081 295 1139 336 iii.
1169 296 1236 341 13,
1267 293 1342 335 τὸν
1371 292 1565 348 ἔμφυτον
1592 291 1728 346 λόγον
1750 292 1774 333 i.
1799 294 1878 342 213

261 366 309 407 of
336 366 397 419 (2)
421 365 500 416 τὴν
523 364 692 416 ἐσθῆτα
715 362 794 415 τὴν
814 361 1028 416 λαμπράν
1050 361 1090 402 ii.
1113 363 1150 411 3,
1172 363 1225 415 τῇ
1250 359 1384 415 φύσει
1406 362 1459 413 τῇ
1483 359 1735 414 ἀνθρωπίνῃ
1759 359 1816 400 iii.
1841 358 1878 407 7,

264 430 285 473 6
323 431 559 484 νομοθέτης
597 429 618 472 ό
656 429 890 481 δυνάμενος
925 428 977 469 iv.
1019 429 1084 477 12,
1121 430 1219 472 ταῖς
1252 426 1578 480 ταλαιπωρίαις
1622 425 1739 478 ὑμῶν
1781 428 1878 471 ταῖς

263 498 580 556 ἐπερχομέναις
614 511 649 538 v.
685 499 722 543 1,
763 495 782 535 6
819 493 979 547 μισθὸς
1017 495 1104 536 τῶν
1139 494 1336 548 ἐργατῶν
1373 494 1459 534 τῶν
1495 491 1763 545 ἀμησάντων
1799 490 1878 537 τὰς

263 564 424 622 χώρας,
439 563 460 606 ὁ
483 562 842 618 ἀφυστερημένος
862 577 896 602 v.
913 565 963 611 43
1001 561 1047 602 of
1066 561 1127 614 (3)
1152 558 1343 615 ἀδελφὸς
1368 558 1388 599 6
1412 558 1618 605 ταπεινός
1637 561 1698 612 (so
1720 559 1777 612 B)
1794 559 1818 600 i.
1839 560 1877 606 9,

264 630 394 684 νόμον
416 631 586 673 τέλειον
616 630 692 672 τὸν
723 633 800 682 τῆς
833 627 1085 682 ἐλευθερίας
1108 628 1132 669 i.
1157 629 1223 671 25,
1246 627 1375 679 ἀτμίς
1408 626 1512 668 ἐστε
1540 626 1566 678 ἡ
1594 624 1703 680 πρὸς
1727 624 1879 679 ὀλίγον

265 698 506 754 φαινομένη
530 697 582 739 iv.
608 699 675 744 14,
699 697 840 737 where
862 695 937 736 the
964 694 1113 735 article
1137 694 1286 735 makes
1318 693 1392 735 the
1426 693 1636 747 tendeney
1658 698 1702 733 to
1724 707 1881 747 appear

264 766 347 806 and
370 765 596 820 disappear
617 779 642 805 a
662 763 828 818 quality
863 762 909 803 of
935 761 1010 802 the
1032 776 1206 816 vapour,
1239 761 1321 801 and
1348 766 1424 801 not
1446 775 1470 801 a
1497 774 1611 801 mere
1643 759 1881 800 accidental

263 832 595 879 circumstance;
629 845 674 871 so
710 830 755 870 in
788 828 899 870 Heb.
936 828 988 870 vi.
1033 827 1057 871 7
1101 831 1157 881 γῆ
1196 826 1281 881 γὰρ
1318 827 1343 878 ἡ
1375 830 1557 875 πιοῦσα,
1588 827 1642 868 ix.
1675 828 1699 867 2
1737 824 1878 878 σκηνὴ

265 897 605 950 κατεσκευάσθη
652 897 677 949 ἡ
724 895 902 951 πρώτη;
948 895 995 936 of
1044 896 1104 947 (4)
1151 910 1212 936 we
1260 894 1367 935 have
1418 893 1473 935 τὰ
1532 892 1760 945 ἐπιτήδεια
1803 895 1880 934 τοῦ

266 965 471 1019 σώματος
504 965 544 1005 ii.
580 966 645 1014 16,
688 962 764 1005 τὸν
805 963 969 1020 τροχὸν
1015 964 1091 1013 τῆς
1133 960 1347 1014 γενέσεως
1380 961 1439 1001 iii.
1483 962 1520 1008 6,
1562 960 1588 1012 ἡ
1636 959 1768 1014 φιλία
1804 961 1882 1001 τοῦ

267 1032 437 1085 κόσμου
463 1032 516 1073 iv,
542 1033 581 1079 4,
608 1031 635 1083 ἡ
666 1028 776 1085 ὁρμὴ
807 1032 885 1071 τοῦ
918 1027 1174 1073 εὐθύνοντος
1204 1028 1262 1069 iii.
1295 1030 1332 1068 4.
1398 1027 1489 1068 The
1521 1027 1634 1068 loose
1666 1032 1882 1067 construe—

265 1101 358 1141 tion
387 1100 449 1153 (4)
484 1099 520 1140 is
553 1112 670 1139 more
703 1096 827 1138 usual
857 1096 964 1137 than
998 1097 1072 1138 the
1104 1100 1301 1150 compact
1337 1096 1397 1148 (1)
1436 1095 1480 1135 in
1515 1094 1576 1135 St.
1613 1094 1762 1135 James
1798 1093 1880 1134 and

265 1167 339 1209 the
372 1166 477 1208 N.T.
506 1164 738 1221 generally,
775 1163 1007 1219 especially
1038 1163 1176 1203 where
1207 1178 1231 1203 a
1263 1176 1458 1217 pronoun
1490 1161 1524 1202 is
1560 1160 1805 1209 concerned,
1837 1175 1882 1201 as

267 1233 316 1276 τὸ
349 1233 479 1279 ἄνθος
511 1232 662 1279 αὐτοῦ,
696 1231 741 1273 ἐν
773 1232 832 1286 τῷ
865 1230 975 1286 ὕψει
1008 1229 1145 1271 αὐτοῦ
1178 1230 1298 1284 (very
1327 1228 1464 1283 rarely
1497 1228 1570 1269 the
1602 1232 1805 1282 compact,
1837 1241 1882 1268 as

266 1301 308 1342 in
337 1301 361 1342 i.
393 1302 446 1342 18
481 1302 568 1342 τῶν
602 1299 738 1340 αὐτοῦ
767 1297 1053 1350 κτισμάτων,1
1077 1295 1184 1337 Phil.
1223 1296 1263 1336 ii.
1293 1298 1346 1337 30
1371 1294 1420 1336 τὸ
1459 1294 1577 1347 ὑμῶν
1615 1294 1883 1348 ὑστέρημα);

266 1367 513 1408 sometimes
533 1365 609 1406 the
630 1379 727 1420 gen.
751 1364 963 1419 precedes,
985 1378 1031 1404 as
1053 1363 1097 1403 in
1121 1362 1178 1404 iii.
1203 1364 1228 1403 3
1252 1363 1338 1403 τῶν
1363 1361 1511 1403 ἵππων
1534 1360 1634 1406 τοὺς
1652 1359 1881 1417 χαλινούς,

268 1448 303 1475 V.
329 1436 382 1475 12
412 1433 501 1486 ἤτω
534 1433 652 1486 ὑμῶν
678 1430 728 1473 τὸ
763 1430 830 1473 ναὶ
872 1431 952 1480 ναί,
994 1433 1014 1471 1
1055 1430 1163 1471 Tim.
1204 1429 1257 1470 iv.
1298 1431 1351 1469 14
1391 1427 1460 1470 ἵνα
1497 1445 1581 1469 σου
1614 1428 1639 1480 ἡ
1677 1425 1881 1482 προκοπὴ

269 1499 437 1557 φανερὰ
459 1498 498 1554 ᾗ.
560 1498 651 1539 The
674 1498 786 1539 loose
807 1497 1097 1538 construction
1120 1496 1207 1537 also
1230 1495 1413 1551 prevails
1434 1495 1478 1535 in
1501 1495 1601 1549 long
1622 1509 1667 1535 or
1689 1494 1884 1548 complex

268 1567 453 1622 phrases,
485 1564 534 1606 cf.
565 1564 617 1605 iv.
648 1566 669 1604 1
705 1565 791 1605 τῶν
812 1562 977 1615 ἡδονῶν
1006 1564 1092 1605 τῶν
1115 1561 1476 1616 στρατευομένων
1497 1560 1542 1602 ἐν
1564 1564 1655 1606 τοῖς
1686 1559 1882 1613 μέλεσιν,

268 1634 408 1674 where
450 1632 524 1673 the
566 1645 683 1672 more
725 1630 945 1672 idiomatie
987 1630 1094 1670 form
1132 1628 1270 1669 would
1309 1628 1416 1669 have
1453 1627 1563 1668 been
1599 1628 1686 1669 τῶν
1714 1627 1759 1668 ἐν
1792 1629 1883 1672 τοῖς

267 1699 452 1753 μέλεσιν
481 1696 842 1753 στρατευομένων
863 1696 1038 1749 ἡδονῶν,
1061 1695 1144 1737 and
1167 1696 1191 1737 i.
1221 1698 1244 1736 5
1279 1693 1401 1749 παρὰ
1433 1696 1511 1735 τοῦ
1543 1693 1735 1739 διδόντος
1768 1694 1883 1735 Θεοῦ

269 1770 411 1810 πᾶσιν
443 1765 612 1812 ἁπλῶς,
635 1765 775 1806 where
804 1779 867 1805 we
888 1763 1029 1817 might
1061 1763 1169 1804 have
1201 1762 1408 1817 expected
1438 1761 1577 1802 either
1599 1779 1644 1803 π.
1667 1763 1745 1802 τοῦ
1768 1762 1883 1802 Θεοῦ

270 1837 347 1877 τοῦ
370 1837 511 1876 πᾶσιν
533 1832 689 1877 ἁπλῶς
712 1830 919 1878 διδόντος,
943 1846 988 1871 01·
1010 1849 1056 1872 π.
1081 1832 1159 1871 τοῦ
1182 1831 1323 1871 πᾶσιν
1346 1828 1500 1873 ἁπλῶς
1528 1827 1719 1873 διδόντος
1742 1829 1857 1869 Θεοῦ
1878 1843 1885 1868 ;

271 1918 314 1943 so
346 1902 371 1943 i.
397 1904 421 1942 :3
451 1899 501 1942 τὸ
531 1899 725 1952 δοκίμιον
749 1898 867 1951 ὑμῶν
889 1900 965 1950 τῆς
988 1897 1183 1942 πίστεως
1206 1896 1347 1951 might
1369 1896 1476 1936 have
1500 1895 1608 1936 been
1634 1909 1749 1935 more
1771 1909 1883 1935 eom-

270 1969 413 2024 pactly
431 1966 654 2022 expressed
677 1964 727 2007 τὸ
749 1968 826 2018 τῆς
849 1964 1042 2008 πίστεως
1066 1964 1183 2017 ὑμῶν
1200 1962 1408 2015 δοκίμιον.
1463 1960 1665 2003 Classical
1687 1961 1883 2016 parallels

272 2036 356 2076 will
379 2036 431 2076 be
454 2034 584 2076 found
600 2033 644 2073 in
658 2033 732 2073 the
750 2037 851 2073 note
870 2047 922 2072 on
940 2031 965 2072 i.
986 2035 1021 2073 5.
1084 2030 1164 2071 We
1183 2029 1271 2070 find
1294 2029 1368 2070 the
1385 2034 1580 2083 eompact
1594 2029 1879 2069 construction

271 2104 465 2144 however
486 2102 530 2142 in
553 2100 610 2141 iii.
635 2101 660 2141 9
682 2098 782 2145 τοὺς
805 2098 901 2140 καθ’
926 2096 1137 2151 ὁμοίωσιν
1152 2098 1267 2138 Θεοῦ
1281 2094 1516 2150 γεγονότας
1533 2095 1616 2135 and
1638 2095 1882 2150 frequently

271 2170 315 2210 in
337 2169 441 2211 both
465 2167 653 2222 Epistles
675 2166 720 2207 of
748 2166 884 2215 Peter,
906 2179 951 2206 as
973 2165 1017 2205 in
1040 2165 1113 2205 the
1145 2163 1260 2204 First
1281 2163 1305 2204 i.
1334 2165 1386 2203 14
1411 2165 1506 2207 ταῖς
1529 2161 1741 2217 πρότερον
1764 2162 1808 2203 ἐν
1830 2164 1882 2216 τῇ

271 2236 429 2294 ἀγνοίᾳ
464 2234 581 2287 ὑμῶν
614 2232 880 2285 ἐπιθυμίαις,
913 2231 954 2273 ii.
984 2233 1008 2273 9
1043 2233 1120 2272 τοῦ
1151 2230 1200 2271 ἐκ
1233 2228 1419 2274 σκότους
1454 2229 1561 2282 ὑμᾶς
1595 2228 1883 2276 καλέσαντος,

271 2304 313 2345 ii.
347 2306 399 2344 15
435 2301 514 2354 τὴν
546 2303 632 2343 τῶν
665 2299 867 2356 ἀφρόνων
900 2296 1145 2353 ἀνθρώπων
1179 2296 1418 2350 ἀγνωσίαν,
1442 2296 1500 2336 iii.
1526 2297 1550 2336 2
1573 2294 1652 2347 τὴν
1680 2296 1724 2337 ἐν
1754 2294 1883 2350 φόβῳ

271 2370 403 2424 ἁγίαν
440 2365 728 2423 ἀναστροφὴν
766 2366 897 2418 ὑμῶν,
929 2380 965 2407 V.
1001 2367 1021 2405 1
1058 2362 1079 2406 6
1117 2363 1192 2405 καὶ
1223 2366 1300 2415 τῆς
1330 2361 1585 2415 μελλούσης
1617 2361 1884 2404 ἀποκαλύπ-

271 2437 429 2479 τεσθαι
453 2434 580 2488 δόξης
603 2432 829 2478 κοινωνόςῑ
861 2432 904 2472 in
926 2432 1002 2472 the
1026 2430 1191 2472 Second
1215 2430 1238 2471 i.
1262 2432 1288 2470 4
1311 2433 1388 2482 τῆς
1417 2429 1462 2471 ἐν
1491 2430 1550 2484 τῷ
1580 2428 1730 2483 κόσμῳ
1758 2429 1803 2470 ἐν
1829 2431 1881 2483 τῇ

272 2502 485 2560 ἐπιθυμία
517 2500 695 2556 φθορᾶς,
718 2500 760 2541 ii.
786 2499 808 2542 7
842 2502 919 2550 τῆς
942 2500 1028 2540 τῶν
1050 2497 1256 2550 ἀθέσμων
1278 2496 1323 2538 ἐν
1345 2496 1561 2553 ἀσελγείᾳ
1583 2495 1880 2551 ἀναστροφῆς,

271 2571 314 2612 ii.
338 2572 390 2611 10
413 2568 513 2613 τοὺς
537 2566 682 2609 ὀπίσω
707 2564 871 2620 σαρκὸς
893 2565 938 2607 ἐν
960 2564 1174 2622 ἐπιθυμίᾳ
1194 2565 1392 2616 μιασμοῦ
1415 2561 1744 2616 πορευομένους.

317 2699 327 2719 ¹
351 2695 433 2727 This
449 2693 556 2725 shows
573 2693 649 2724 that
667 2694 704 2724 Α.
730 2692 931 2729 Buttmann,
952 2701 981 2732 p.
1006 2693 1067 2722 102
1086 2690 1188 2730 (cited
1206 2690 1239 2721 in
1260 2690 1376 2721 VViner
1390 2700 1419 2731 p.
1440 2691 1500 2720 193
1519 2690 1581 2727 n.)‚
1601 2688 1629 2719 is
1647 2699 1760 2729 wrong
1776 2688 1811 2719 in
1828 2687 1882 2720 his

271 2739 469 2776 limitation,
488 2737 568 2768 ‘The
577 2736 737 2767 insertion
752 2735 853 2766 ofthe
865 2734 1017 2776 persoual
1029 2745 1179 2776 pronoun
1190 2744 1304 2765 occurs
1315 2734 1349 2764 in
1366 2732 1444 2764 Paul
1458 2732 1548 2773 only,
1561 2732 1626 2763 and
1639 2732 1718 2763 with
1733 2742 1774 2762 no
1785 2731 1882 2763 other

272 2792 424 2827 pronoun
437 2782 518 2813 than
534 2780 644 2819 ὑμῶν.’
670 2779 719 2811 Cf.
738 2779 808 2810 also
823 2781 838 2810 1
853 2778 929 2810 Joh.
949 2778 982 2809 ii.
1000 2779 1039 2811 27
1058 2779 1097 2809 τὸ
1115 2779 1214 2809 αὐτοῦ
1232 2778 1368 2818 χρίσμα,
1391 2778 1405 2807 1
1425 2776 1486 2807 Th.
1509 2776 1543 2807 ii.
1567 2777 1618 2814 19,
1639 2775 1733 2807 Rom.
1756 2775 1803 2806 iii.
1825 2777 1875 2806 24.
