1938 3178
78 164 113 200 V
144 161 264 215 8-16]

270 265 453 297 VunoA'rE.

73 355 94 387 8
119 352 298 399 patientes
321 355 435 387 estote
456 355 492 386 et
518 362 583 386 uos
600 351 663 397 (a),

74 409 284 444 confirmate
303 408 410 443 corda
426 412 558 452 uestra,
579 418 669 454 quo-

74 465 175 500 niam
186 465 366 500 aduentus
378 463 520 498 domini
539 463 670 509 adpro-

75 520 270 567 pinquaait
295 520 358 566 (β).
411 523 432 554 9
451 519 578 553 Nolite
609 519 664 553 in·
698 518 942 565 adpropiauit.

75 576 279 623 gemiscere,
305 575 445 618 fratres,
468 575 508 609 in
534 574 669 609 alteru-

74 635 183 674 trum,
196 634 238 665 ut
249 642 324 665 11011
335 629 552 664 indicemini
567 643 573 666 :
589 640 668 664 ecce

74 686 187 721 iudex
211 686 257 721 ad
274 687 320 733 (γ)
348 686 497 720 ianuam
515 684 670 720 adsistit.

78 745 121 777 10
155 741 379 788 Exemplum
407 741 570 786 accipite,
601 740 671 775 fra-

75 801 158 841 tres,
200 797 336 832 laboris
387 800 424 831 et
472 796 673 842 patientiae

76 867 141 902 per
160 855 206 901 (δ)
233 855 430 902 prophetas
461 854 526 901 qui
556 854 672 888 locuti

77 916 163 948 sunt
183 912 223 946 in
250 912 396 947 nomine
422 910 574 946 domini.
631 914 670 946 11

77 969 168 1004 Ecce
186 968 435 1003 beatificamus
454 966 518 1013 qui
537 966 671 1001 sustin-

77 1028 213 1059 uerunt
230 1035 237 1059 :
257 1023 506 1059 sufferentiam
521 1023 588 1058 Iob
607 1035 668 1058 au-

79 1081 232 1124 distis‚et
242 1080 353 1114 finem
361 1079 503 1114 domini
516 1079 672 1124 vidistis,

80 1137 254 1183 quoniam
273 1135 478 1170 misericors
490 1138 543 1169 est
560 1134 675 1169 domi-

80 1203 149 1226 nus
179 1195 214 1226 et
243 1191 444 1226 miserator.
498 1193 539 1225 12
575 1189 673 1224 Ante

81 1246 204 1280 onmia
245 1249 380 1291 autem,
419 1244 550 1280 fratres
593 1245 675 1288 mei,

80 1302 196 1337 nolite
214 1302 344 1345 iurare,
363 1312 484 1347 neque
509 1312 574 1347 per
600 1312 675 1335 cae-

81 1357 161 1391 lum
179 1368 299 1403 neque
318 1367 382 1402 per
406 1359 541 1390 terram
559 1367 678 1401 neque

81 1412 184 1448 aliud
212 1411 468 1458 quodcumque
494 1411 677 1446 iuramen-

81 1472 171 1504 tum.
246 1467 304 1502 Sit
368 1470 491 1501 autem
556 1478 675 1501 sermo

83 1526 204 1558 uester
218 1523 267 1569 (ε)
298 1522 365 1557 Est
392 1526 456 1566 est,
476 1521 560 1556 Nou
592 1534 679 1567 non,

83 1583 124 1613 ut
140 1590 216 1614 11011
235 1578 302 1613 sub
328 1577 467 1612 iudicio
491 1577 678 1613 decidatis.

86 1638 129 1670 13
143 1635 327 1669 Tristatur
339 1633 474 1680 aliquis
487 1637 652 1669 uestrum
666 1634 678 1668 2

85 1695 163 1726 oret
188 1702 304 1737 aequo
329 1690 454 1725 animo
482 1694 517 1724 et
538 1689 682 1736 psallat.

86 1749 130 1781 14
171 1746 388 1780 Infirmatur
433 1745 515 1791 quis
563 1745 604 1779 in
632 1745 678 1790 (ζ)

85 1802 217 1837 uobis?
260 1801 414 1836 inducat
445 1800 679 1847 presbyteros

85 1858 266 1901 ecclesiae,
280 1861 316 1892 et
334 1860 438 1891 orent
455 1868 564 1903 super
582 1868 677 1901 eum,

85 1917 264 1960 ungentes
280 1924 365 1948 eum
383 1912 462 1947 0160
476 1912 516 1946 in
529 1912 680 1946 nomine

86 1969 239 2005 domini.
303 1971 345 2003 15
376 1968 425 2002 Et
454 1967 569 2002 oratio
596 1967 682 2002 fidei

87 2024 249 2060 saluabit
282 2023 485 2067 infirmum,
514 2026 550 2057 et
591 2022 678 2058 alle-

87 2080 192 2115 uabit
209 2091 293 2114 eum
315 2078 488 2113 dominus
507 2091 516 2121 ;
542 2082 577 2113 et
595 2078 625 2113 si
642 2079 683 2114 in

87 2135 245 2182 peccatis
278 2134 335 2178 sit,
370 2133 605 2169 dimittentur
633 2134 679 2179 (η)

88 2191 132 2226 ei.
185 2192 227 2225 16
253 2189 491 2224 Confitemini
519 2201 602 2235 ergo
629 2189 679 2224 al-

89 2249 271 2281 terutrum
306 2248 451 2291 peccata
485 2249 616 2288 uestra,
648 2249 684 2279 et

122 2331 164 2363 (α)
183 2330 213 2355 F.
226 2329 296 2355 adds
310 2331 344 2355 et.

123 2365 167 2397 (β)
184 2364 242 2390 MS.
255 2363 497 2395 adpropinquabit
511 2363 581 2388 with
596 2363 624 2388 F.

123 2399 165 2433 (γ)
181 2398 212 2423 F.
224 2399 299 2423 ante.

125 2432 163 2465 (δ)
181 2432 211 2457 F.
224 2438 279 2457 om.
293 2438 351 2462 per.

124 2466 161 2499 (ε)
180 2466 259 2497 spec.
286 2466 358 2496 Aug.
387 2465 521 2495 uestrum,
548 2464 685 2497 omitting

91 2507 188 2526 sermo.

125 2533 165 2566 (ζ)
182 2533 211 2557 F.
225 2532 331 2564 aliquis
343 2539 384 2557 ew.

127 2568 166 2599 (η)
186 2567 214 2592 F.
227 2567 386 2591 remittetur

631 161 807 198 LATIN
837 161 1114 199 VERSIONS

866 266 1012 298 CORBEY
1036 266 1108 299 MS.

700 353 720 385 8
755 351 804 386 Et
842 363 907 387 uos
950 352 1130 398 patientes
1171 355 1299 395 estote,

704 407 906 442 confortate
932 408 1143 454 praecordia
1168 411 1301 453 uestra,

705 463 882 509 quoniam
928 463 1110 499 aduentus
1160 463 1302 498 domini

1011 522 1032 554 9
1075 519 1202 554 Nolite
1245 520 1300 553 in-

705 574 900 620 gemiscere
942 574 1072 609 fratres
1119 575 1160 609 in
1193 575 1303 610 alter-

702 632 842 674 utrum,
877 640 922 663 ne
956 629 997 663 in
1030 629 1211 664 iudicium
1245 630 1300 663 in-

707 684 849 720 cidatis.
924 685 1016 719 Ecce
1059 685 1171 720 iudex
1219 690 1303 720 ante

706 740 856 775 ianuam
899 744 978 775 stat.
1048 743 1092 776 10
1134 740 1302 787 Accipite

707 796 1004 842 experimentum
1071 796 1201 831 fratres
1260 796 1304 831 de

707 854 815 888 malis
843 854 1077 900 passionibus
1105 858 1140 889 et
1171 855 1215 889 de
1244 866 1305 901 pa-

707 911 840 945 tientia
873 910 1069 957 prophetas
1107 911 1171 957 qui
1205 911 1302 945 locu-

705 966 735 1000 ti
770 970 856 1000 sunt
897 966 937 1000 in
965 966 1114 1001 nomine
1149 966 1302 1001 domini.

708 1026 747 1057 11
782 1023 874 1057 Ecce
900 1023 1025 1057 beatos
1056 1023 1213 1057 dicimus
1239 1023 1303 1069 qui

707 1079 975 1114 sustinuerunt.
1044 1078 1303 1113 Sufferentiam

712 1134 779 1168 Iob
798 1134 952 1169 audistis
978 1138 1015 1169 et
1034 1134 1141 1168 finem
1163 1133 1304 1168 domini

708 1190 868 1234 uidistis,
885 1189 1062 1236 quoniam
1081 1189 1306 1224 uisceraliter

711 1244 885 1279 dominus
910 1245 1116 1279 misericors
1147 1248 1210 1280 est.
1264 1247 1306 1278 12

709 1301 808 1335 Ante
850 1301 973 1335 omnia
1006 1304 1141 1346 autem,
1178 1300 1306 1334 fratres

710 1356 795 1400 11161,
816 1355 932 1390 nolite
957 1356 1078 1390 iurare
1102 1367 1220 1402 neque
1243 1367 1307 1401 per

712 1411 854 1446 caelum
867 1422 988 1457 neque
1001 1422 1066 1457 per
1079 1414 1225 1454 terram,
1242 1422 1307 1445 nec

710 1467 929 1501 alterutrum
946 1467 1207 1501 iuramentum.
1252 1466 1308 1500 Sit

713 1526 835 1557 autem
854 1522 951 1568 apud
966 1534 1041 1566 uos,
1057 1522 1123 1556 Est
1141 1526 1205 1566 est,
1223 1522 1309 1556 Non

714 1582 768 1612 est
792 1589 867 1612 non
886 1581 966 1620 est;
992 1589 1037 1612 ne
1063 1577 1102 1611 iu
1127 1577 1307 1611 iudicium

711 1633 895 1670 incidatis.
949 1637 993 1668 13
1011 1633 1152 1668 Anxiat
1175 1633 1308 1679 aliquis

718 1701 763 1724 ex
813 1689 968 1725 uobis³2
1030 1694 1130 1724 oret:
1182 1689 1310 1724 hilaris

717 1749 772 1780 est
785 1745 797 1780 2
811 1745 996 1791 psalmum
1010 1745 1115 1781 dicat.
1139 1748 1182 1779 14
1194 1745 1241 1779 Et
1253 1745 1307 1779 in-

714 1800 866 1835 firmusb
884 1804 936 1835 est
964 1801 1099 1847 aliquis
1116 1800 1156 1834 in
1177 1800 1280 1834 uobis
1295 1802 1307 1835 ’Ζ

712 1861 819 1891 uocet
859 1856 1101 1903 presbyteros,
1137 1860 1173 1891 et
1207 1860 1311 1890 orent

714 1924 823 1958 super
840 1913 963 1959 ipsum
982 1916 1159 1958 ungentes
1177 1911 1256 1946 oleo
1270 1912 1309 1946 111

715 1968 864 2003 nomine
882 1968 1026 2003 domini
1044 1979 1051 2003 :
1081 1967 1123 2002 15
1141 1971 1177 2002 et
1195 1968 1309 2002 oratio

712 2023 753 2058 in
781 2023 852 2058 fide
882 2023 1042 2058 saluabit
1070 2023 1309 2069 laborantem,

716 2083 752 2114 et
767 2079 957 2114 suscitabit
971 2085 984 2101 0
1002 2078 1113 2113 illum
1129 2079 1310 2122 dominus,

716 2137 752 2169 et
779 2135 809 2169 si
832 2138 977 2181 peccata
1002 2134 1097 2177 fecit,
1117 2134 1309 2169 remittun-

714 2193 775 2224 tur
802 2191 845 2225 ei.
915 2192 957 2224 16
989 2189 1228 2225 Confitemini
1259 2189 1308 2224 al-

717 2249 900 2280 terutrum
934 2249 1080 2291 peccata
1123 2248 1243 2279 uestra
1277 2251 1312 2279 et

753 2334 766 2348 a
785 2330 820 2355 So
834 2330 905 2361 MS.;
925 2337 959 2355 ex
972 2330 1052 2355 uobis
1065 2330 1180 2362 aliquis,
1195 2330 1258 2356 Sal).

751 2363 765 2382 b
784 2364 842 2388 MS.
855 2364 984 2395 infirmis.

753 2402 764 2416 ⁰
783 2397 840 2423 MS.
854 2399 915 2423 -uict⁸

1632 162 1681 200 25

1362 265 1556 297 SPECULUM
1581 274 1656 297 AND

1393 308 1641 341 PmscILLIAN.
