1938 3178
33 150 103 187 111
125 148 218 202 2-8]

230 252 412 284 VULGATE.

597 150 769 187 LATIN
799 151 1074 189 VERSIONS

830 253 975 285 CORBEY
999 252 1069 285 MS.

1588 155 1635 192 15

1314 254 1506 285 SPECULUM
1532 264 1608 286 Am»

1335 297 1580 328 PRISCILLIAN.

33 341 53 372 2
91 337 137 372 In
179 337 306 372 multis
346 338 444 372 enim
485 338 620 372 offend-
656 342 676 373 2
704 338 824 373 Multa
846 343 968 373 autem
993 350 1155 373 erramus
1173 351 1247 373 om·
1283 341 1303 373 2
1323 339 1440 374 multa
1454 341 1551 374 enim
1564 353 1638 374 om—

31 393 127 427 imus
173 405 323 427 onmes:
372 393 403 428 si
452 394 533 440 quis
581 394 620 427 in

31 449 143 483 uerbo
169 460 243 483 non
270 449 430 493 offendit,
454 449 514 483 hic
542 461 620 496 per-

30 502 145 537 fectus
173 507 227 538 est
255 503 337 538 uir:
368 508 485 550 potest
511 505 621 538 etiam

30 558 298 593 circumducere
316 558 418 593 freno
432 560 479 604 (a)
501 564 620 594 totum

31 624 169 658 corpus.
209 616 230 648 3
256 613 296 647 Si
313 618 434 648 autem
452 614 554 660 equis
568 615 619 659 (β)

30 668 151 703 frenos
164 669 203 703 in
215 681 276 704 ora
289 670 470 704 mittimus
481 670 526 704 ad
538 682 620 705 con-

30 725 261 760 sentiendum
269 726 384 770 nobis,
391 730 427 761 et
433 738 539 761 omne
546 738 619 761 eor-

30 792 99 827 pus
136 781 287 816 iHorum
321 782 618 817 circumferimus.

30 839 53 870 4
78 836 169 870 Ecce
186 840 222 870 et
238 848 359 880 naues,
375 848 458 871 cum
471 849 621 882 magnae

31 890 105 925 sint
117 894 153 925 et
165 902 186 925 a
198 891 318 926 uentis
331 891 464 926 ualidis
481 892 620 926 minen-

30 950 92 980 tur
104 946 176 992 (γ),
207 946 513 981 circumferuntur
526 948 571 992 (ὃ)
601 959 622 982 a

31 1002 173 1036 modico
195 1002 440 1048 gubernaculo
464 1004 529 1038 ubi
554 1005 621 1038 im-

31 1062 137 1104 petus
165 1058 355 1104 dirigentis
381 1060 551 1094 uoluerit.
600 1063 619 1094 5

32 1113 91 1147 Ita
97 1117 133 1148 et
143 1113 270 1159 lingua
277 1114 461 1149 modicum
473 1115 621 1161 quidem

31 1170 236 1204 membrum
254 1175 307 1205 est
324 1175 360 1205 et
376 1183 506 1217 magna
523 1171 619 1206 exal-

31 1229 86 1260 tat
99 1226 153 1270 (ε).
205 1226 296 1261 Ecce
333 1232 491 1273 quantus
527 1228 622 1273 ignis

31 1293 140 1327 quam
182 1293 350 1326 magnam
391 1283 522 1317 siluam
565 1283 620 1317 in-

33 1340 163 1375 cendit.
198 1343 219 1374 6
238 1340 286 1374 Et
303 1340 429 1386 lingua
445 1341 540 1387 ignis
557 1346 619 1386 est,

33 1395 252 1430 uniuersitas
300 1396 507 1442 iniquitatis
550 1397 620 1431 lin—

32 1462 103 1496 gua
127 1451 361 1485 constituitur
384 1452 425 1485 in
449 1453 622 1488 membris

32 1507 175 1550 nostris,
202 1518 294 1552 quae
319 1507 477 1542 maculat
502 1512 622 1543 totum

34 1574 163 1608 corpus
195 1566 231 1596 et
266 1562 471 1598 inflammat
505 1568 622 1598 rotam

33 1617 239 1652 natiuitatis
285 1622 437 1663 nostrae,
479 1620 622 1654 inflam-

33 1678 131 1708 mata
162 1685 183 1709 a
214 1674 386 1720 gehenna.
437 1676 457 1711 7
492 1676 622 1711 Omnis

34 1729 132 1764 enim
172 1734 303 1765 natura
341 1731 539 1766 bestiarum
587 1737 623 1767 et

34 1784 226 1819 uolucrum
243 1789 280 1819 et
293 1787 516 1832 serpentium
530 1792 621 1822 cete-

34 1851 230 1886 rorumque
249 1841 295 1886 (ζ)
345 1842 540 1877 domantur
588 1848 624 1878 et

34 1896 181 1932 domata
194 1898 239 1942 (η)
291 1902 377 1933 sunt
424 1911 445 1934 a
492 1904 624 1935 natura

34 1951 218 1988 humana:
261 1956 282 1988 8
307 1954 471 2000 linguam
501 1960 622 1991 autem

35 2007 162 2042 nullus
221 2008 414 2044 hominum
478 2011 623 2046 domare

34 2066 153 2108 potest
172 2075 179 2097 :
224 2064 432 2109 inquietum
473 2066 621 2110 malum,

35 2118 144 2164 plena
164 2131 303 2154 ueneno
321 2121 516 2157 mortifero,

68 2199 110 2230 (σ.)
129 2200 158 2225 F.
167 2200 209 2232 fr.
225 2201 275 2226 cir.

68 2234 112 2265 (β)
132 2234 159 2259 Ρ.
173 2242 314 2266 equorum.

69 2267 110 2301 (γ)
127 2267 243 2293 Passive
252 2268 323 2293 from
334 2269 417 2300 mino,
432 2271 438 2281 ‘
447 2276 494 2295 are
505 2269 627 2297 driven.'

69 2301 108 2333 (δ)
126 2301 156 2327 F.
169 2301 240 2326 adds
253 2304 355 2328 autem.

69 2334 107 2366 (ε)
125 2335 153 2360 F.
171 2336 290 2362 exultat.

68 2367 110 2400 (ζ)
127 2368 258 2401 Possibly
275 2376 291 2394 a
309 2370 475 2402 corruption
494 2371 526 2396 of
542 2373 627 2397 cetor—

36 2408 93 2432 um,
108 2408 139 2427 or
150 2402 175 2427 it
187 2409 252 2434 may
264 2405 413 2435 represent
425 2411 442 2429 a
456 2404 548 2431 Greek
561 2406 627 2431 mis·

36 2435 154 2467 reading
166 2439 260 2462 αλλων
272 2444 303 2462 01·
315 2440 440 2464 εναλλων
448 2438 491 2464 for
499 2442 624 2465 εναλιων.

38 2468 68 2494 F.
94 2469 177 2494 reads
200 2472 227 2495 et
252 2471 398 2497 uolucrum
421 2474 448 2497 et
470 2475 627 2504 'repentium

35 2503 120 2528 etiam
130 2505 290 2530 ceterorum.

70 2535 111 2568 (η)
129 2537 159 2563 F.
174 2538 289 2564 domita.

655 407 727 429 nes.
779 394 819 428 Si
847 395 930 440 quis
958 395 996 429 in
1030 395 1141 429 uerbo
1174 407 1249 429 non

656 454 761 492 errat,
792 449 852 483 hic
880 450 950 483 erit
979 455 1249 484 consummatus

656 506 737 540 uir:
764 509 892 551 potens
917 510 970 539 est
995 517 1029 539 se
1054 505 1247 548 infrenare,

655 565 691 595 et
705 565 824 595 totum
838 571 976 606 corpus.
1027 562 1048 594 3
1071 560 1111 594 Si
1124 564 1246 594 autem

656 627 834 661 equorum
860 615 980 649 frenos
997 616 1037 649 in
1055 627 1116 650 ora
1133 615 1247 650 mitti-

656 683 737 706 mus
762 675 804 705 ut
824 671 965 717 possint
982 671 1192 714 consentire,
1212 674 1249 705 et

656 731 776 761 totum
788 738 917 772 corpus
927 727 1090 772 ipsorum
1102 738 1248 760 conuer—

656 783 779 817 timus.
829 785 852 816 4
876 782 967 816 Ecce
985 786 1021 816 et
1037 793 1148 816 naues
1173 786 1248 816 tam

657 848 806 883 magnae
824 840 910 870 sunt
932 841 968 870 et
990 848 1011 871 a
1036 837 1156 871 uentis
1173 841 1248 870 tam

657 892 791 927 ualidis
845 891 1023 935 feruntur,
1073 897 1250 938 reguntur

655 952 778 982 autem
811 947 966 994 paruulo
1004 947 1248 993 gubernaculo

656 1009 692 1038 et
709 1004 930 1049 ubicumque
955 1004 1166 1049 diriguntur
1185 1015 1247 1038 uo-

656 1060 820 1094 luntatea
837 1071 961 1094 eorum
974 1061 1039 1106 qui
1052 1072 1109 1094 eas
1119 1060 1247 1105 guber-

656 1121 756 1151 nant.
808 1120 827 1150 5
855 1116 914 1150 Sic
928 1120 963 1150 et
976 1116 1102 1161 lingua
1115 1127 1248 1162 paruu-

655 1172 735 1206 lum
753 1172 958 1206 membrum
981 1175 1034 1206 est
1059 1176 1095 1206 et
1119 1183 1250 1217 magna

656 1226 862 1272 gloriatur.b
922 1227 1013 1261 Ecce
1069 1227 1248 1273 pusillum

655 1283 750 1328 ignis
775 1283 815 1317 in
841 1295 951 1329 quam
974 1289 1131 1329 magnac
1156 1283 1250 1318 silua

655 1339 867 1373 incendium
892 1338 1002 1374 facit!
1052 1342 1073 1374 6
1104 1339 1153 1373 Et
1177 1339 1248 1373 lin-

655 1407 725 1440 gua
750 1395 845 1441 ignis
868 1395 1000 1429 saeculi
1017 1395 1224 1441 iniquitatis
1240 1407 1247 1430 z

655 1451 782 1496 lingua
801 1451 918 1496 posita
935 1456 988 1485 est
1011 1452 1052 1485 in
1077 1451 1249 1486 membris

656 1506 800 1550 nostris,
824 1518 916 1552 quae
943 1507 1102 1542 maculat
1128 1511 1247 1542 totum

657 1574 786 1608 corpus
818 1568 854 1597 et
885 1563 1091 1598 inflammat
1130 1568 1248 1598 rotam

656 1617 861 1651 natiuitatis
902 1622 938 1652 et
978 1618 1186 1652 incenditur
1228 1630 1249 1653 a

657 1672 830 1718 gehenna.
898 1674 917 1708 7
957 1673 1086 1708 Omnis
1125 1678 1249 1708 autem

656 1732 787 1762 natura
809 1728 1007 1763 bestiarum
1025 1730 1101 1764 siue
1119 1730 1248 1764 uolati-

656 1783 761 1826 lium,
776 1784 983 1829 repentium
994 1788 1030 1818 et
1041 1785 1248 1819 natantium

657 1840 827 1874 domatur
859 1844 895 1874 et
927 1841 1066 1875 domita
1099 1846 1176 1876 est:
1228 1844 1248 1876 8

656 1900 808 1930 naturae
832 1900 955 1930 autem
980 1896 1161 1932 humanae
1178 1897 1248 1931 lin-

657 1962 765 1996 guam
779 1963 885 1986 nemo
898 1951 1092 1986 hominum
1103 1953 1249 1987 domare

657 2011 775 2052 potest
797 2018 804 2040 :
854 2007 1062 2042 inconstans
1110 2008 1249 2043 malum

656 2062 765 2108 plena
778 2074 918 2097 ueneno
931 2064 1144 2098 mortifero.d

691 2147 704 2160 a
723 2143 766 2173 By
778 2149 848 2167 corr.
864 2143 937 2168 from
950 2145 1133 2176 uolumpiate.

692 2175 707 2194 b
725 2177 786 2202 MS.
801 2178 970 2208 Moriuntur.

692 2215 704 2229 0
720 2210 758 2235 So
782 2211 840 2236 MS.
853 2218 860 2242 ;
890 2219 1020 2243 maynam
1049 2214 1152 2239 siluam
1182 2213 1246 2239 sab.

660 2244 711 2270 See
725 2243 824 2275 below,
840 2252 897 2270 ver.
911 2247 950 2271 13.

693 2277 708 2297 d
727 2278 784 2304 MS.
800 2279 954 2311 mortffera.

1282 397 1345 420 nes
1377 386 1637 432 delinquimus.

1283 433 1323 466 Si
1353 433 1435 478 quis
1462 434 1501 467 in
1529 434 1640 468 uerbo

1282 491 1355 513 non
1369 480 1564 526 delinquit,
1580 481 1639 515 hic

1282 526 1462 572 perfectus
1482 528 1541 561 uir
1558 532 1611 562 est
1628 541 1636 569 ;

1282 578 1400 619 potest
1409 575 1419 595 ¹
1434 574 1573 609 frenare
1587 579 1640 609 to-

1282 625 1362 654 tum
1389 632 1517 667 corpus
1534 626 1570 655 et
1586 622 1640 655 di-

1282 668 1406 713 rigere.
1470 671 1491 702 3
1523 668 1641 711 Quare

1282 715 1389 760 ergo2
1416 716 1518 760 equis
1541 716 1642 750 frena

1282 762 1322 795 in
1336 762 1416 796 ora-‘³
1430 763 1640 805 mittuntur,

1282 809 1354 842 nisi
1376 809 1415 842 in
1433 821 1474 843 eo
1500 814 1541 843 ut
1562 821 1640 844 sua-

1283 855 1438 890 deantur
1450 868 1471 890 a
1484 856 1588 891 nobis
1605 861 1641 890 et

1283 906 1402 936 totum
1428 915 1556 949 corpus
1574 904 1640 937 cir-

1285 950 1568 985 munducamus?
1617 954 1639 984 4

1284 997 1374 1030 Ecce
1419 997 1481 1031 et4
1530 1009 1641 1031 naues

1283 1055 1374 1089 quae
1386 1045 1483 1078 tam⁵
1500 1044 1640 1078 inmen-

1283 1102 1340 1124 sae
1366 1095 1451 1125 sunt
1469 1091 1535 1125 sub
1553 1103 1640 1125 uen-

1283 1138 1330 1171 tis
1347 1138 1448 1172 duris
1472 1138 1641 1173 feruntur

1283 1189 1319 1218 et
1363 1185 1640 1219 circumducun-

1283 1236 1344 1265 tur
1376 1243 1396 1266 a
1424 1233 1641 1278 parnissimo

1283 1278 1527 1323 gubernaculo
1576 1280 1641 1313 ubi

1282 1326 1441 1371 impetus
1451 1326 1642 1372 dirigentis

1283 1373 1452 1407 uoluerit.
1519 1377 1539 1407 5
1580 1373 1640 1408 Sic

1282 1423 1318 1453 et
1374 1419 1501 1465 lingua
1557 1432 1639 1466 pars·

1283 1466 1462 1500 membri⁶
1489 1471 1551 1510 est,
1580 1468 1642 1502 sed

1283 1517 1336 1547 est
1396 1514 1639 1560 magniloqua.

1283 1560 1332 1594 Et
1372 1561 1466 1595 sicut
1506 1573 1641 1607 paruus

1283 1607 1378 1652 ignis
1394 1619 1562 1653 magnam
1580 1609 1640 1643 sil-

1284 1666 1369 1688 uam
1397 1655 1569 1699 incendit,
1619 1659 1640 1691 6
1668 1661 1671 1664 ’

1284 1701 1336 1735 ita
1352 1706 1388 1736 et
1404 1702 1531 1748 lingua
1547 1703 1642 1748 ignis

1284 1752 1360 1782 est:
1406 1753 1442 1783 et
1482 1751 1641 1785 mundus

1284 1795 1640 1842 iniquitatisperlin-

1284 1854 1392 1887 guam
1430 1848 1570 1878 constat
1602 1845 1641 1878 in

1284 1889 1457 1924 membris
1498 1892 1640 1935 nostris,

1286 1948 1378 1982 quae
1405 1938 1563 1972 maculat
1588 1943 1640 1973 to-

1285 1988 1365 2017 tum
1389 1995 1517 2030 corpus
1534 1990 1569 2019 et
1585 1986 1641 2020 in-

1285 2030 1448 2065 flammat
1524 2037 1640 2067 rotam

1284 2078 1495 2122 geniturae⁷
1522 2083 1558 2113 et
1585 2080 1640 2114 in-

1285 2124 1493 2159 flammatur
1509 2138 1530 2160 a
1543 2127 1640 2171 geni-

1284 2175 1376 2205 tura.
1451 2174 1469 2207 7
1513 2173 1642 2208 Omnis

1284 2219 1382 2253 enim
1410 2224 1540 2254 natura
1564 2221 1640 2255 bes-

1284 2265 1418 2300 tiarum
1452 2271 1487 2300 et
1515 2269 1640 2302 auium

1284 2316 1320 2346 et
1353 2315 1576 2358 serpentium
1605 2320 1641 2350 et

1283 2359 1474 2395 beluarum
1504 2363 1640 2396 mariti-

1285 2418 1427 2441 marum
1472 2408 1642 2444 domatur

1285 2458 1320 2487 et
1373 2455 1533 2490 subiecta
1589 2462 1642 2491 est

1285 2505 1433 2535 naturae
1445 2502 1639 2538 humanae:

1285 2551 1306 2582 8
1331 2547 1495 2593 linguam
1519 2555 1640 2585 autem

1318 2615 1328 2634 1
1349 2617 1377 2641 M
1390 2620 1415 2646 -i—
1426 2618 1480 2644 ins.
1496 2621 1589 2645 eliam.

1317 2649 1330 2668 ‘2
1350 2651 1377 2675 M
1392 2655 1417 2679 ψ
1429 2660 1504 2678 uero.

1317 2683 1331 2702 3
1349 2684 1377 2709 M
1392 2688 1417 2713 -ι-
1429 2693 1482 2711 ore.

1317 2717 1330 2735 4
1348 2718 1377 2742 M
1391 2721 1417 2747 ÷
1430 2726 1484 2745 0111.
1502 2722 1536 2746 et.

1317 2750 1330 2770 5
1349 2751 1405 2777 For
1433 2761 1504 2784 quae
1535 2756 1592 2780 ram
1622 2755 1640 2780 S

1283 2784 1334 2809 has
1352 2787 1503 2816 qzziactam.

1317 2817 1330 2836 6
1348 2819 1375 2843 M
1389 2823 1414 2847 4-
1429 2821 1481 2845 ins.
1494 2829 1596 2851 parua.

1317 2851 1329 2869 7
1359 2853 1414 2877 'l‘ln¹
1458 2856 1549 2879 unm>
1582 2859 1637 2881 mr.

1282 2891 1341 2937 neno.
1351 2893 1381 2926 „³¹
1389 2894 1402 2912 e
1413 2888 1501 2913 found
1511 2890 1540 2913 in
1551 2889 1635 2916 Prisc.

1283 2925 1310 2949 Γ.
1328 2926 1368 2944 ΔΑ).
