1938 3178
97 171 118 206 1
143 167 289 220 10—19]

290 271 475 303 VULGATE.

97 360 140 393 10
160 357 262 392 (111105
279 360 400 391 autem
418 356 457 389 111
473 355 684 389 humilitate

94 424 168 456 sua,
187 412 361 458 quoniam
379 411 472 445 sicut
496 410 562 445 flos
587 410 684 444 faeni

93 467 264 502 transibit
278 467 337 511 (a).
384 469 424 500 11
454 466 614 500 Exortus
631 469 684 499 est

93 523 192 557 enim
210 522 263 556 sol
281 533 363 556 cum
381 521 506 556 ardore
520 525 555 555 et
573 520 682 555 arefe-

93 578 144 612 cit
160 577 307 612 faenum
324 581 360 611 et
377 576 442 611 flos
459 577 536 610 eius
549 576 684 610 decidit

93 638 130 667 et
146 633 252 667 decor
272 632 399 667 uultus
412 633 488 666 eius
501 632 656 678 deperiit
675 643 681 665 :

91 689 144 723 ita
160 693 196 723 et
213 688 315 722 diues
337 689 377 722 in
398 688 592 722 itineribus
609 687 684 721 suis

92 750 284 778 marcescet
298 744 360 788 (β).
406 746 447 777 12
474 743 607 777 Beatus
624 742 684 776 uir

92 799 158 845 qui
215 799 342 833 suffert
393 798 681 844 temptationem,

92 855 179 900 quia
193 855 241 900 (γ)
266 866 349 888 011111
374 854 547 900 probatus
570 853 682 888 fuerit

91 910 243 955 accipiet
261 921 427 944 coronam
446 909 553 952 uitae,
573 920 682 954 quam

95 965 302 1010 repromisit
328 965 417 999 deus
443 964 683 1009 diligentibus

92 1031 138 1054 se.
180 1023 222 1055 13
246 1020 364 1054 Nemo
382 1032 464 1054 cum
482 1024 684 1065 temptatur

89 1076 187 1110 dicat
201 1076 373 1122 quoniam
388 1077 433 1120 (δ)
449 1088 469 1110 a
482 1076 549 1110 deo
564 1080 678 1121 temp-

91 1135 199 1166 tatur.
251 1131 349 1165 Deus
366 1131 464 1165 enim
485 1131 680 1176 intempta-

91 1190 149 1220 tor
171 1186 351 1221 malorum
373 1191 435 1230 est,
457 1187 534 1233 ipse
559 1191 681 1220 autem

91 1243 275 1276 neminem
293 1247 457 1288 temptat.
495 1245 538 1276 14
560 1242 681 1277 Unus-

92 1298 246 1343 quisque
287 1309 373 1332 uero
418 1302 620 1344 temptatur
662 1310 683 1332 a

91 1354 382 1399 concupiscentia
400 1365 464 1388 sua
480 1353 682 1388 abstractus

91 1413 127 1442 et
163 1409 319 1443 inlectus
337 1422 345 1451 ;
409 1412 450 1443 15
484 1408 616 1443 dehinc
636 1409 679 1453 (ε)

90 1464 381 1509 concupiscentia
429 1475 512 1498 cum
558 1475 679 1498 conce-

89 1519 186 1565 perit
213 1520 310 1565 parit
338 1523 535 1565 peccatum,
559 1531 679 1565 pecca-

91 1579 171 1609 tum
185 1587 271 1609 uero
289 1587 371 1609 cum
389 1579 680 1609 consummatum

91 1629 203 1665 fuerit
235 1635 382 1676 generat
415 1634 579 1664 mortem.
636 1633 678 1665 16

91 1686 217 1721 Nolite
241 1687 364 1732 itaque
397 1697 526 1729 errare,
552 1685 680 1720 fratres

91 1742 162 1776 mei
189 1741 426 1776 dilectissimi.
490 1742 531 1776 17
563 1741 679 1776 Omne

91 1797 219 1831 datum
260 1797 440 1843 optimum
489 1801 526 1831 et
574 1808 679 1831 omne

89 1853 228 1887 donum
250 1852 451 1899 perfectum
469 1852 513 1886 (10
536 1864 679 1886 sursum

89 1912 143 1943 est
167 1908 385 1943 descendens
410 1920 431 1942 a
450 1912 552 1954 patre
569 1907 678 1942 lumi-

90 1975 191 2007 num,
228 1963 327 2010 apud
367 1975 476 2010 quem
516 1975 591 1998 non
627 1967 681 1998 est

90 2019 347 2054 transmutatio
392 2031 457 2053 nec
498 2019 680 2053 uicissitu-

90 2074 188 2109 dinis
202 2074 441 2109 obumbratio.
475 2077 518 2109 18
537 2074 679 2108 Uolun-

90 2131 239 2175 1011ε(ζ)
271 2130 369 2164 0111111
381 2130 428 2175 (η)
460 2129 586 2175 genuit
614 2141 680 2164 nos

90 2186 202 2220 uerbo
250 2186 427 2229 ueritatis,
476 2188 518 2219 ut
568 2185 681 2219 simus

90 2241 240 2287 aliquod
260 2241 472 2285 1111111111κθ)
498 2244 681 2274 creaturae

90 2297 176 2331 eius.
230 2299 272 2331 19
300 2296 418 2339 Scitis,
453 2296 581 2330 fratres
609 2295 682 2328 mei

89 2351 224 2386 dilecti.
243 2351 300 2386 Sit
311 2355 433 2385 autem
444 2351 562 2385 omnis
572 2350 681 2384 homo

90 2406 198 2441 uelox
224 2406 270 2441 ad
295 2405 530 2450 audiendum,
556 2405 682 2440 tardus

123 2503 166 2536 (a)
184 2503 264 2535 spec.
280 2504 352 2536 Aug.
368 2505 495 2530 tranaiet.

124 2538 167 2569 (β)
185 2537 215 2563 F.
230 2539 385 2563 marcescit.

124 2572 166 2605 (γ)
183 2571 213 2597 F.
229 2572 372 2603 quoniam.

124 2606 163 2638 (δ)
182 2605 211 2631 F.
227 2606 305 2637 quia.

124 2639 162 2670 (ε)
181 2639 209 2664 F.
226 2639 299 2664 dein.

125 2672 169 2704 (ζ)
186 2672 243 2698 MS.
260 2673 448 2698 voluntariae.

125 2706 166 2737 (η)
184 2706 215 2731 F.
230 2713 285 2732 0111.
300 2707 381 2732 enim.

125 2740 165 2771 (θ)
183 2740 212 2765 F.
229 2741 292 2766 init.
308 2741 376 2772 aliq.

660 165 834 202 LATIN
863 163 1140 202 VERSIONS

892 268 1037 299 Comme
1061 266 1130 298 MS.

722 357 765 389 10
787 353 951 399 locuples
969 357 1090 388 autem
1105 351 1309 386 1111111111111-

719 414 793 444 tate
823 421 897 452 sua,
925 409 1098 454 quoniam
1126 407 1219 441 sicut
1244 406 1309 440 fios

719 465 794 499 feni
806 465 966 499 transiet.
995 467 1010 498 1
1019 467 1034 497 1
1052 463 1200 498 Orietur
1210 462 1309 496 enim

718 520 772 555 sol
802 532 884 554 011111
913 523 1014 554 aestu
1043 530 1108 553 suo
1137 522 1173 552 et
1201 518 1310 551 siccat

718 575 844 610 fenum
877 579 914 609 et
946 575 1011 609 flos
1044 575 1122 608 eius
1149 574 1245 608 cadit
1274 577 1310 607 et

717 631 876 676 dignitas
901 630 1031 664 facieia
1050 630 1165 675 ipsius
1189 629 1284 675 perit
1301 640 1307 662 :

717 687 768 721 sic
796 690 832 721 et
860 685 1023 732 locuples
1055 686 1095 719 in
1128 689 1210 719 actu
1244 695 1308 718 suo

717 742 912 776 marcescit.
990 743 1032 775 12
1078 740 1211 774 Beatus
1251 739 1310 773 vir

717 797 809 843 quib
846 797 1060 831 sustinuerit
1102 795 1308 841 temptatio-

717 864 800 887 nem
818 864 824 887 :
852 852 1025 898 quoniam
1046 851 1220 897 probatus
1236 850 1307 884 fac-

717 912 776 942 tus
814 908 966 954 accipiet
1004 918 1171 941 coronam
1211 907 1308 940 uitae

717 976 827 1010 quam
844 964 1049 1010 promittitc
1074 963 1125 997 eis
1142 962 1207 1007 qui
1224 973 1308 996 eum

717 1019 907 1064 diligunt.d
918 1021 974 1053 -13
988 1018 1105 1052 Nemo
1116 1018 1180 1063 qui
1193 1022 1307 1063 temp-

717 1079 817 1110 tatur
850 1075 947 1109 dicat
981 1074 1153 1120 quoniam
1188 1084 1208 1107 a
1242 1072 1308 1106 deo

717 1135 918 1177 temptatur
933 1142 940 1165 z
965 1130 1052 1164 deus
1064 1134 1185 1164 autem
1197 1129 1307 1163 malo-

717 1199 799 1221 rum
811 1191 1007 1233 temptator
1018 1197 1091 1220 non
1102 1190 1155 1219 est
1167 1197 1173 1219 :
1193 1190 1308 1230 temp-

717 1247 771 1277 tat
784 1244 859 1289 ipse
877 1243 1071 1276 neminem.
1124 1244 1167 1275 14
1184 1241 1307 1275 Unus-

717 1299 871 1344 quisque
903 1302 1025 1332 autem
1059 1300 1260 1342 temptatur
1288 1307 1309 1329 a

717 1365 780 1388 sua
798 1352 1097 1399 concupiscentia,
1116 1351 1309 1386 abducitur

716 1413 752 1443 et
769 1408 946 1443 011ε111111.ε
997 1411 1039 1442 15
1064 1407 1205 1441 Deinde
1226 1418 1308 1440 con-

717 1464 939 1510 cupiscentia
966 1463 1125 1509 concipit
1150 1466 1186 1496 et
1212 1462 1308 1508 parit

716 1523 928 1566 peccatum:
967 1522 1155 1565 peccatum
1187 1521 1318 1566 auteur

717 1578 1009 1609 consummatum
1034 1573 1197 1619 adquirit
1214 1570 1322 1606 mor-v

716 1631 816 1665 tem.f
851 1633 892 1665 16
911 1630 1037 1664 Nolite
1050 1640 1167 1664 errare
1181 1628 1308 1662 fratres

715 1686 787 1720 mei
804 1685 940 1720 dilecti.
993 1685 1034 1720 17
1063 1684 1192 1719 Omnis
1208 1683 1307 1718 datio

714 1741 810 1775 bona
831 1745 867 1775 et
891 1752 997 1775 omne
1015 1740 1153 1774 donum
1170 1738 1305 1785 perfec-

715 1801 795 1831 tum
832 1797 1022 1831 desursum
1070 1794 1255 1830 descendit
1287 1806 1307 1828 a

714 1856 816 1898 patre
850 1852 1035 1886 luminum
1065 1850 1165 1896 apud
1197 1861 1306 1896 quem

714 1919 788 1942 non
815 1912 869 1942 est
894 1907 1115 1953 permutatio
1144 1905 1204 1940 uel
1231 1917 1305 1939 mo-

715 1963 838 1997 dicum
895 1961 1193 1996 obumbrationis.
1262 1963 1304 1995 18

715 2018 854 2053 Uolens
894 2018 1036 2064 peperit
1081 2028 1146 2051 nos
1195 2016 1305 2050 uerbo

715 2074 881 2108 ueritatis
909 2078 952 2108 ut
980 2073 1093 2107 simus
1121 2072 1305 2119 primitiae

715 2129 967 2164 conditionum
978 2129 1064 2163 eius.
1104 2130 1147 2163 19
1170 2127 1305 2162 Scitote

715 2184 843 2219 fratres
854 2184 926 2218 mei
936 2184 1070 2218 dilecti.
1114 2183 1170 2217 Sit
1183 2187 1304 2217 autem

749 2281 763 2295 θ
781 2276 839 2302 MS.
849 2277 938 2309 jacie.

749 2309 765 2328 b
784 2310 842 2336 MS.
858 2311 927 2342 quia
940 2316 971 2335 as
983 2309 1013 2334 in
1026 2316 1083 2335 ver.
1099 2310 1122 2335 5.

751 2348 763 2362 c
781 2344 838 2369 MS.
853 2345 1005 2375 promittet.

750 2376 765 2396 d
783 2378 850 2403 This
859 2384 940 2402 verse
950 2377 974 2402 is
984 2376 1091 2409 quoted
1101 2376 1207 2402 almost
1216 2376 1245 2401 in
1255 2376 1305 2401 the

715 2418 793 2437 same
811 2411 905 2436 words
924 2411 961 2442 by
985 2411 1167 2436 Chromatius
1187 2410 1216 2442 (a
1240 2417 1306 2435 con-

715 2446 880 2477 temporary
899 2445 930 2470 of
944 2444 1078 2476 Jerome),
1104 2445 1198 2470 Tract,
1221 2445 1252 2469 in
1274 2444 1301 2469 S.

716 2479 798 2504 Matt.
813 2479 869 2504 xiv.
885 2478 908 2504 7.
947 2478 998 2504 See
1015 2479 1095 2504 Stud.
1111 2478 1186 2504 Bibl.
1200 2484 1230 2510 p,
1244 2479 1302 2503 135.

749 2517 761 2531 Θ
779 2512 922 2543 Probably
943 2519 959 2537 a
977 2511 1150 2543 misreading
1167 2511 1211 2536 for
1228 2512 1305 2536 elici-

716 2547 763 2571 tur
791 2553 823 2571 or
851 2547 985 2571 eluditur.
1032 2545 1084 2577 Bp.
1111 2545 1305 2571 Wordsworth

715 2580 845 2605 however
861 2580 992 2612 suggests
1010 2579 1075 2604 that
1092 2579 1117 2604 it
1134 2586 1200 2611 may
1212 2586 1305 2610 repre-

715 2614 781 2638 sent
792 2620 809 2638 a
821 2613 913 2639 Greek
926 2613 1043 2645 reading
1061 2612 1260 2645 ἐκκρουόμενος
1273 2619 1306 2637 01·

714 2647 965 2680 παρακρουόμενος.
1004 2646 1046 2672 Cf.
1079 2646 1204 2672 Cassian.
1233 2646 1302 2671 Coll.

714 2681 762 2706 xii.
778 2682 802 2712 7,
816 2681 925 2712 primus
937 2680 1097 2712 pudicitiae
1109 2681 1214 2712 gradus
1223 2682 1305 2705 estne

714 2715 841 2745 utqilans
853 2715 1065 2746 impuynatione
1081 2715 1193 2739 carnali
1207 2721 1301 2739 mona-

715 2749 783 2773 chus
794 2748 927 2773 elidatur.

747 2780 760 2799 f
775 2781 832 2806 The
845 2781 1022 2807 remarkable
1035 2781 1187 2812 rendering
1203 2781 1303 2812 adqui-

713 2815 754 2873 {it
772 2817 886 2840 mortem
905 2815 930 2840 is
949 2815 1011 2841 also
1029 2815 1117 2840 found
1135 2815 1165 2840 in
1189 2814 1301 2840 Chrom.

727 2855 759 2874 Δ0.
775 2849 811 2874 ix.
827 2850 850 2874 1.

1671 161 1693 197 5

1374 264 1566 296 SPECULUM
1586 270 1662 293 ΛΝΒ

1395 307 1629 338 PRISCILLIAN

1388 1866 1501 1902 1—19
1537 1867 1604 1911 (W.
1633 1878 1692 1913 pp.

1340 1925 1409 1957 603
1433 1923 1505 1957 and
1530 1924 1611 1967 524)
1639 1923 1695 1957 Sit

1340 1989 1425 2012 uero
1451 1978 1567 2012 omnis
1586 1977 1695 2012 homo

1340 2033 1470 2067 citatus
1505 2033 1629 2067 audire
1659 2037 1695 2066 et

1340 2088 1464 2123 tardus
1480 2089 1580 2134 loqui
1594 2088 1695 2134 piger

1339 2143 1378 2176 in
1403 2143 1598 2177 iracundia.
