1938 3178
40 163 110 200 III
142 163 262 216 9-18]

234 268 420 299 VULGATE.

38 357 68 389 9.
89 353 136 388 In
152 353 230 400 ipsa
247 352 497 388 benedicimus
515 351 625 387 deum

36 413 73 444 et
104 414 256 457 patrem,
281 413 316 444 et
342 409 382 443 in
410 408 488 454 ipsa
518 408 627 443 male-

36 465 193 500 dicimus
210 465 377 499 homines
389 464 453 510 qui
471 465 515 500 ad
527 464 626 499 simi-

36 519 233 555 litudinem
251 519 310 554 dei
335 519 422 554 facti
443 523 529 554 sunt
548 531 554 554 ε
584 522 628 554 10

36 587 80 609 ex
92 575 170 622 ipso
182 587 242 610 ore
253 575 417 622 procedit
424 575 629 610 benedictio

36 635 72 665 et
89 631 307 667 maledictio.
360 631 446 666 Non
473 635 626 678 oportet,

35 685 164 721 fratres
202 686 286 730 mei,
322 686 410 722 haec
451 687 504 722 ita
537 686 626 722 fieri.

39 744 78 776 11
107 741 303 788 Numquid
329 742 409 777 fons
431 742 476 777 de
499 742 626 777 eodem

25 797 214 845 *foramine
272 802 418 833 emanat
478 798 625 833 dulcem

36 857 72 889 et
87 865 246 889 amaram
263 866 396 900 aquam
410 854 422 889 2
450 857 492 889 12
508 854 627 889 Num-

36 909 127 956 quid
176 914 307 956 potest,
357 910 486 945 fratres
542 911 626 955 mei,

36 966 126 1000 ficus
158 977 249 1001 uuas
282 966 399 1001 facere
432 970 496 1001 aut
537 966 626 1001 uitis

36 1021 153 1057 ficus?
203 1022 263 1057 Sic
280 1034 399 1069 neque
424 1022 519 1058 salsa
543 1022 626 1057 dul-

36 1090 114 1113 cem
154 1081 274 1124 potest
314 1078 430 1113 facere
483 1090 627 1124 aquam.

39 1136 82 1169 13
108 1134 198 1177 Quis
228 1134 372 1180 sapiens
401 1138 437 1169 et
461 1134 625 1181 discipli-

35 1194 144 1225 natus
161 1190 259 1225 inter
276 1190 366 1225 uos?
392 1190 560 1225 ostendat
583 1202 627 1225 ex

35 1246 132 1281 bona
149 1247 424 1281 conuersatione
451 1247 627 1293 operatio-

36 1313 120 1336 nem
138 1313 241 1337 suam
258 1303 305 1347 (a)
320 1302 360 1337 in
378 1303 628 1338 mansuetudi—

35 1370 120 1393 nem
140 1359 190 1403 (β)
211 1359 418 1405 sapientiae.
457 1362 500 1393 14
518 1358 625 1402 Quod

35 1414 65 1448 si
83 1414 202 1448 zelum
228 1426 392 1449 amarum
422 1414 565 1449 habetis
591 1418 627 1449 et

35 1470 351 1516 contentiones(·y)
382 1470 422 1504 in
457 1470 627 1505 cordibus

35 1526 177 1572 uestris,
185 1526 301 1560 nolite
314 1526 465 1572 gloriari
480 1530 516 1560 et
530 1537 629 1560 men-

34 1582 137 1616 daces
148 1593 223 1616 esse
235 1581 410 1617 aduersus
421 1582 624 1617 ueritatem.

38 1639 78 1672 15
107 1637 189 1672 Non
207 1642 261 1672 est
280 1639 327 1683 <ὃ>
355 1638 424 1673 ista
447 1638 626 1684 sapientia

34 1696 78 1731 de
113 1708 258 1732 sursum
298 1697 531 1741 descendens,
568 1697 630 1732 sed

33 1757 175 1787 terrena
216 1753 386 1788 animalis
436 1752 625 1788 diabolica.

38 1809 80 1843 16
109 1808 187 1843 Ubi
221 1809 320 1844 enim
348 1810 446 1844 zelus
476 1815 513 1844 et
547 1821 628 1844 con-

34 1864 163 1911 tentio,
204 1864 258 1899 ibi
298 1865 545 1900 inconstantia
591 1869 627 1900 et

34 1932 142 1956 omne
159 1932 250 1967 opus
267 1933 434 1968 prauum.
466 1924 505 1958 17
526 1921 626 1965 Quae

34 1981 156 2012 autem
165 1977 209 2012 de
220 1989 365 2012 sursum
377 1982 431 2013 est
438 1977 627 2024 sapientia,

34 2033 199 2079 primum
224 2034 374 2079 quidem
402 2035 536 2081 pudica
559 2038 623 2078 est,

35 2089 167 2124 deinde
180 2090 340 2136 pacifica,
356 2090 528 2134 modesta,
544 2102 624 2125 sua-

35 2145 162 2180 dibilis
174 2144 236 2190 (e),
250 2145 361 2192 plena
378 2145 628 2181 misericordia

35 2205 72 2236 et
105 2201 286 2236 fructibus
319 2201 436 2245 bonis,
467 2213 542 2236 non
571 2201 626 2236 iu-

35 2257 160 2292 dicans
186 2258 246 2302 (ζ),
276 2257 354 2292 sine
379 2257 623 2293 simulatione.

37 2316 80 2348 18
114 2313 269 2348 Fructus
302 2318 426 2348 autem
463 2313 624 2348 iustitiae

36 2370 76 2403 in
94 2381 179 2415 pace
193 2370 394 2405 seminatur
407 2369 625 2405 facientibus

35 2437 173 2471 pacem.

69 2505 110 2537 (α)
129 2506 158 2531 F.
174 2513 259 2537 opera
271 2514 331 2532 sua.

69 2540 111 2571 (β)
130 2540 160 2564 F.
176 2541 296 2565 -ίιιιῖἱηε,

69 2574 110 2607 (γ)
128 2573 159 2600 F.
175 2574 246 2599 adds
259 2576 333 2599 sunt.

69 2607 106 2638 (δ)
125 2607 156 2632 F.
170 2607 241 2633 adds
255 2609 336 2633 enim.

69 2641 107 2672 (ε)
127 2641 211 2672 spec.
236 2643 306 2673 Aug.
329 2641 387 2667 and
412 2642 440 2667 Γ.
467 2642 523 2667 add
551 2643 629 2668 bonis

37 2675 218 2704 consentiens,
249 2675 400 2701 ‹loubtless
436 2683 452 2701 a
485 2677 562 2707 gloss
592 2683 629 2702 011

36 2709 196 2734 suadibilis.

69 2742 109 2774 (ζ)
126 2742 207 2773 spec.
224 2743 295 2774 Aug.
309 2743 487 2772 diiudicatum
509 2744 538 2770 F.
551 2743 630 2774 joins

37 2775 107 2800 with
127 2775 177 2801 the
198 2776 346 2808 following
368 2777 469 2807 words,
493 2777 630 2809 omitting

38 2817 111 2840 non5
131 2810 293 2841 Augustino
308 2811 526 2836 inaestimabilis

600 163 773 200 LATIN
803 161 1080 201 VERSIONS

831 266 977 299 Coizssnr
1001 266 1072 298 MS.

660 355 681 387 9
708 351 755 386 Ι11
772 351 852 397 ipsa
868 351 1119 387 benedicimus
1137 351 1253 386 donii-

661 419 752 442 num
771 412 806 442 et
823 412 976 454 patrem,
996 412 1032 443 et
1055 419 1119 454 per
1135 408 1252 454 ipsam

662 464 916 499 maledicimus
942 464 1109 499 homines
1127 465 1191 510 qui
1208 465 1254 499 ad

661 519 946 554 similitudinem
966 520 1024 554 dei
1049 520 1137 554 facti
1155 524 1251 555 sunt.

666 578 708 610 10
726 587 769 610 ex
787 575 866 621 ipso
881 587 941 610 ore
955 576 1032 610 exit
1045 575 1251 611 benedictio

662 635 698 665 et
707 631 929 666 maledictio.
966 631 1052 666 Non
1067 632 1168 666 decet
1182 631 1254 667 fra-

662 690 734 721 tres
763 687 837 721 mei
866 686 955 722 haec
984 687 1034 722 sic
1064 687 1155 724 fieri.
1211 691 1251 722 11

661 742 858 789 Numquid
882 742 965 777 fons
991 754 1035 777 ex
1061 754 1136 777 uno
1158 742 1251 778 fora-

659 798 758 832 mine
765 798 880 833 bullit
891 798 1037 833 dulcem
1046 802 1082 834 et
1089 798 1253 834 salmaci—

661 854 767 889 dum?
786 857 827 889 12
840 854 1035 901 Numquid
1047 858 1176 901 potest,
1184 855 1255 891 fra-

661 919 734 945 tres
742 910 919 956 mei,ficus
931 911 1048 945 oliuas
1057 911 1182 954 facere,
1191 915 1256 946 aut

660 966 749 1001 uitis
768 966 856 1001 ficus
873 966 885 1002 2
931 967 992 1001 Sic
1005 979 1073 1002 nec
1091 967 1255 1003 salmaci-

661 1023 750 1058 dum
785 1023 931 1058 dulcem
961 1023 1078 1059 facere
1109 1035 1253 1070 aquam.

665 1082 708 1114 13
734 1078 825 1122 Quis
855 1079 998 1125 sapiens
1026 1084 1062 1114 et
1091 1079 1253 1126 discipli-

659 1146 769 1169 nosus
786 1135 826 1169 in
844 1135 950 1170 uobis
965 1135 1191 1170 demonstrat
1210 1136 1254 1171 de

661 1190 757 1226 bona
775 1191 1049 1226 conuersatione
1068 1203 1176 1238 opera
1190 1203 1255 1226 sua

662 1247 702 1281 in
720 1247 919 1293 sapientiae
934 1247 1130 1283 clementia
1141 1248 1181 1283 ³2
1212 1251 1256 1283 14

663 1303 703 1337 Si
720 1307 845 1338 autem
866 1303 988 1338 zelum
1006 1315 1172 1339 amarum
1190 1304 1253 1339 ha-

658 1359 752 1393 betis
764 1363 799 1394 et
813 1360 1085 1394 contentionem
1098 1360 1136 1394 in
1150 1372 1251 1406 prae-

661 1414 794 1448 cordiis
820 1415 977 1457 uestris3
1013 1415 1104 1461 quid
1129 1415 1251 1460 alapa-

662 1470 753 1504 mini
764 1470 780 1492 ¹³
792 1471 1011 1505 mentientes
1023 1475 1148 1505 contra
1160 1471 1254 1505 ueri-

663 1526 802 1560 tatem?
839 1529 880 1560 15
901 1526 986 1560 Non
1005 1530 1059 1560 est
1077 1527 1256 1572 sapientia

661 1593 754 1627 quae
806 1582 995 1616 descendit
1049 1583 1253 1627 desursum,

660 1637 720 1672 sed
747 1638 939 1681 terrestris,
967 1638 1148 1681 animalis,
1174 1638 1255 1673 dae-

665 1697 856 1732 monetica.
935 1700 976 1732 16
1012 1697 1090 1732 Ubi
1132 1702 1255 1732 autem

662 1753 760 1787 zelus
803 1757 839 1787 et
888 1753 1086 1797 contentio,
1129 1754 1254 1788 incon-

664 1812 763 1844 stans
796 1809 850 1843 ibi
884 1813 920 1843 et
953 1820 1061 1843 omne
1094 1821 1253 1855 prauum

660 1865 860 1911 negotium.
930 1866 971 1901 17
1020 1866 1090 1900 Dei
1132 1870 1255 1901 autem

660 1922 840 1968 sapientia
856 1922 1021 1968 primum
1047 1927 1171 1957 sancta
1187 1927 1251 1966 est,

662 1978 796 2012 deinde
830 1978 981 2024 pacifica
1012 1982 1047 2012 et
1077 1990 1253 2013 uerecun-

660 2033 740 2068 diae
775 2034 1016 2077 consentiens‚
1045 2035 1156 2080 plena
1185 2035 1252 2069 mi-

658 2089 876 2124 sericordiae
894 2093 929 2124 et
954 2089 1144 2125 fructuum
1162 2090 1250 2125 bon-

662 2157 779 2191 orum,
806 2145 884 2180 sine
909 2144 1184 2190 diiudicatione,
1204 2147 1252 2181 ir-

661 2201 988 2247 reprel1ensibilis‚⁰
1022 2202 1099 2236 sine
1136 2202 1251 2248 hypo-

661 2257 754 2292 crisi.
809 2260 851 2292 18
881 2257 1040 2292 Fructus
1057 2262 1180 2293 autem
1198 2259 1252 2293 iu-

658 2312 778 2347 stitiae
796 2313 836 2347 in
853 2324 940 2359 pace
966 2313 1168 2349 seminatur
1185 2315 1250 2361 qui

658 2369 799 2404 faciunt
815 2381 951 2416 pacem.

696 2446 709 2459 3
727 2442 764 2467 So
778 2442 849 2472 MS.;
863 2443 1048 2474 clementiam,
1065 2443 1129 2470 Sab.
1143 2443 1199 2469 and
1213 2443 1254 2475 W,

661 2475 730 2500 final
743 2483 769 2500 m
782 2476 868 2507 being
880 2476 959 2501 often
973 2477 1095 2502 omitted
1109 2478 1138 2502 in
1152 2478 1209 2504 MS.

698 2508 715 2529 b
734 2509 894 2540 Martianay
915 2511 1070 2542 suggested
1094 2513 1254 2543 eleuamini,

664 2542 718 2568 but
730 2543 979 2575 Hp.Wordsw0rth
991 2546 1078 2569 refers
1088 2546 1257 2577 toDucange

662 2577 708 2602 for
721 2577 770 2602 the
782 2577 860 2609 gloss
874 2578 1006 2610 alapator
1018 2588 1048 2601 =
1058 2580 1206 2611 καυχητής.

699 2615 710 2629 0
730 2611 872 2642 Probably
885 2618 901 2636 a
920 2612 998 2642 gloss
1017 2620 1055 2638 on
1073 2621 1092 2639 s.
1109 2614 1148 2638 cli.
1164 2613 1258 2639 which

664 2643 715 2669 has
727 2646 777 2676 got
789 2645 853 2671 into
866 2645 915 2670 the
928 2646 1000 2672 text.

1599 163 1644 202 17

1325 266 1520 298 SPECULUM
1545 274 1620 296 Asu

1357 309 1601 340 PRISCILLIAN.

1287 351 1481 386 hominum
1504 351 1651 386 domare

1286 419 1394 442 nemo
1427 411 1546 454 potest
1584 418 1650 443 nec

1287 465 1443 499 retinere
1485 476 1505 498 a
1541 464 1649 507 malo,

1288 520 1375 566 quia
1431 520 1541 566 plena
1598 523 1651 554 est

1285 575 1433 611 mortali
1455 587 1605 613 veneno,

1338 1083 1380 1115 13
1409 1080 1478 1126 (W.
1505 1092 1540 1126 p.
1564 1081 1648 1125 463)

1290 1136 1380 1179 Quis
1413 1136 1575 1183 prudens
1614 1140 1650 1171 et

1288 1192 1405 1226 sciens
1455 1192 1648 1226 uestrum2

1290 1248 1470 1283 Monstret
1487 1248 1531 1283 de
1556 1248 1650 1283 bona

1287 1304 1562 1339 conuersatione
1586 1316 1648 1350 op-

1287 1372 1346 1395 era
1358 1371 1422 1395 sua
1432 1360 1471 1394 in
1484 1371 1649 1394 mansue-

1286 1415 1416 1450 tudine
1434 1419 1470 1449 et
1490 1415 1650 1460 pruden-

1287 1471 1349 1506 tia.
