1938 3178
45 166 116 204 ΙΙΙ
149 167 210 213 15,
235 167 282 204 16
763 165 937 204 ΝΟΤΕ8
1580 166 1651 203 121

45 271 137 338 πρὸς
154 271 223 320 τὴν
241 271 334 320 ὕλην
352 271 445 309 νεύει
464 271 573 316 κάτω,
593 270 958 320 συναποθνήσκουσα
984 270 1031 320 τῇ
1060 268 1184 320 σαρκί·
1204 269 1381 319 συζυγῖαν
1400 268 1438 306 δὲ
1458 269 1659 318 κεκτημένη

46 342 114 374 την
127 327 193 363 τοῦ
209 325 308 363 θείου
322 326 531 374 πνεύματος
549 326 615 363 οὐκ
635 325 737 363 ἔστιν
751 325 965 374 ἀβοηθητος
984 341 1014 361 κ.
1020 341 1050 362 τ.
1056 326 1091 360 λ.
1136 323 1278 361 «111513111
1292 323 1348 359 M.
1357 321 1422 369 f).
1437 323 1481 360 (ΖΘ
1498 324 1656 360 Resurr.

48 380 70 425 ξ
95 380 142 416 10
167 395 266 419 οικος
294 380 336 417 τὸ
365 382 475 428 σῶμα
504 382 634 430 ψυχῆς,
663 379 870 428 πνεύματος
896 378 934 416 δὲ
961 379 1062 429 ψυχη
1082 377 1181 418 οἰκος
1202 376 1324 427 (after
1344 377 1462 414 Plato
1488 378 1584 414 lim.
1609 378 1658 413 30

49 435 134 471 {ofni
160 434 228 482 μὲν
258 450 295 470 ΕῙΙ
324 435 437 484 ψυχῇ,
469 434 592 484 ψυχὴν
621 433 701 471 δὲ
690 450 727 471 ΕΙ]
755 433 901 482 σώματί
924 449 1103 472 συνιστας
1130 449 1173 470 ΤΟ
1202 435 1275 469 πᾶν
1296 430 1549 481 ΕΤΕΚΤαίνΕΤΟ),
1571 431 1657 468 JOS.

49 487 93 523 A.
98 487 137 524 J.
159 488 182 524 i.
208 488 258 523 34
281 487 486 526 ἔπλασεν
471 505 490 525 ο
511 487 602 527 Θεὸς
619 487 684 525 τὸν
704 487 896 536 ἄνθρωπον
915 489 1005 537 χοῦν
1025 487 1098 524 ἀπὸ
1117 488 1182 536 τῆς
1200 489 1268 537 ’γῆς
1286 486 1418 534 λαβὼν
1438 486 1498 523 καὶ
1517 487 1660 534 πνεῦμα

48 543 171 590 ἐνῆκεν
199 543 296 592 αὐτῷ
325 542 386 579 καὶ
414 541 547 593 ψυχήν,
577 541 695 578 Philo
724 540 830 590 Opis.
860 541 916 577 M.
940 554 975 590 p.
1001 541 1047 576 15
1078 543 1128 591 τῷ
1156 541 1333 592 ἀνθρώπῳ
1362 542 1447 578 νοῦν
1476 540 1660 589 ἐξαίρετον

48 594 227 644 ἐδωρεῖτο,
259 598 378 646 ψυχῆς
404 613 486 634 τινα
514 595 647 646 ψυχήν,
677 595 841 644 καθάπερ
863 595 974 644 κόρην
994 597 1031 632 ἐν
1052 595 1249 646 ὀφθαλμῷ,
1269 594 1481 632 Nemesius
1501 594 1608 631 N.H.
1632 594 1657 630 i.

47 650 140 689 τινὲς
167 650 246 698 μὲν,
268 650 314 687 ὧν
334 651 416 688 ἔστι
444 650 504 687 καὶ
533 651 738 694 Πλωτῖνος,
758 650 880 697 ἄλλην
906 648 996 686 εἶναι
1021 649 1089 698 τὴν
1109 649 1231 699 ψυχὴν
1251 649 1311 686 καὶ
1340 650 1460 686 ἄλλον
1485 649 1550 686 τὸν
1576 651 1661 686 νοῦν

47 703 340 753 δογματίσαντες
354 707 393 741 ἐκ
408 707 516 753 τριῶν
528 704 592 742 τὸν
604 704 797 754 ἄνθρωπον
812 703 1036 741 συνεστάναι
1050 703 1258 751 βούλονται
1273 703 1446 752 σώματος
1465 703 1525 740 καὶ
1541 705 1662 754 ψυχῆς

48 757 108 794 καὶ
136 759 210 802 νοῦ,
231 770 282 794 011
303 758 432 794 which
459 757 663 794 Matthiae
688 762 830 807 quotes
858 758 1051 794 Irenaeus
1079 758 1198 794 Haer.
1222 771 1258 794 V.
1283 759 1317 794 9.
1344 758 1360 793 1
1386 758 1466 794 tria,
1494 764 1587 794 sunt
1616 770 1661 793 ea:

47 811 187 859 quibus
201 810 395 860 peofectus
407 812 516 849 homo
532 818 693 856 constat,
711 825 838 856 carne,
853 812 1001 855 (mima,
1018 825 1101 860 sper
1103 812 1174 856 itu,
1192 811 1271 848 and
1288 813 1394 861 Aug.
1413 812 1458 848 de
1474 811 1660 860 bymbolo,

48 866 155 902 1909990
175 865 282 903 habet
303 872 378 903 tres
391 873 536 916 pcwtes,
557 866 743 915 spiritum
763 867 941 903 animum
963 872 995 902 et
1016 879 1164 914 corpus,
1188 866 1319 914 itaque
1339 866 1447 903 1909990
1467 873 1519 903 est
1535 866 1662 913 ima90

48 914 118 957 SS.
136 920 190 957 Tr
192 921 380 966 imitatas,-
396 921 468 957 but
482 920 737 969 Augustine
727 920 846 957 1111115
859 924 922 957 tre
925 921 1027 957 itise
1042 920 1086 956 de
1099 919 1200 957 Eccl.
1212 920 1291 956 Do
1274 927 1390 967 yma!
1404 933 1434 957 c.
1448 921 1497 957 20
1514 920 1662 956 blames

48 973 247 1023 Didymus
266 974 331 1011 for
350 974 517 1024 making
537 975 703 1024 spiritus
735 987 759 1011 a
788 974 957 1011 distinct
986 973 1193 1024 principle,
1214 974 1493 1023 Apollinarius
1514 974 1664 1023 having

49 1027 92 1064 in
111 1030 181 1065 the
201 1029 437 1066 meanwhile
457 1034 531 1078 put
551 1029 728 1065 forward
749 1029 810 1066 his
830 1029 976 1078 theory
996 1028 1088 1065 that
1107 1029 1176 1065 the
1197 1032 1342 1066 nature
1362 1028 1402 1064 of
1423 1028 1560 1065 Christ
1582 1041 1662 1064 was

49 1085 89 1120 ἐκ
103 1082 243 1132 σαρκὸς
258 1083 318 1121 καὶ
331 1085 452 1134 ψυχῆς
468 1083 529 1121 καὶ
545 1083 720 1132 θεότητος
732 1083 813 1121 ἀντὶ
824 1085 890 1121 τυῦ
902 1085 979 1121 νοῦ.
991 1113 997 1120 .
1008 1087 1031 1120 .‘
1041 1082 1122 1119 and
1136 1081 1204 1127 SO‚'
1219 1083 1430 1119 continues
1446 1083 1662 1126 Matthiae,

51 1142 59 1157 ⁶
77 1136 148 1173 the
169 1137 397 1186 separation
417 1137 458 1174 of
479 1138 566 1174 soul
586 1138 666 1174 and
687 1137 805 1187 spirit
825 1150 934 1174 came
954 1141 997 1173 to
1012 1137 1061 1174 be
1076 1137 1254 1186 thought
1273 1150 1297 1173 a
1313 1136 1481 1186 heresy.'
1527 1137 1576 1173 In
1595 1137 1663 1173 the

49 1190 100 1227 N.
104 1191 146 1227 T.
159 1191 511 1242 ψυχικόςοο1111οὴ65
523 1191 748 1253 opposition
758 1195 801 1228 to
809 1192 878 1228 the
891 1191 1034 1240 highei
1045 1204 1093 1240 pl
1095 1190 1252 1240 inciple,
1263 1190 1311 1228 cf.
1322 1191 1351 1228 J
1354 1191 1430 1227 ude
1443 1191 1489 1227 19
1501 1191 1663 1242 ψυχικοὶ,

49 1247 193 1294 πνεῦμα
219 1246 272 1295 μὴ
293 1262 450 1296 εχοντες,
474 1247 491 1282 1
517 1246 606 1283 Col.
628 1246 666 1283 ii.
694 1246 742 1282 10
762 1246 848 1282 foll.
872 1259 950 1295 esp.
977 1245 1026 1282 14
1047 1246 1201 1296 ψυχικὸς
1229 1245 1421 1311 ἅνθρωπος
1449 1246 1491 1282 οὗ
1520 1245 1665 1296 δέχεται

50 1300 96 1337 τὰ
123 1301 190 1337 τοῦ
217 1300 426 1349 πνεύματος
443 1303 509 1338 τοῦ
528 1302 653 1338 Θεοῦ..
665 1301 698 1338 ,ὁ
719 1300 757 1338 δὲ
775 1300 1018 1349 πνευματικὸς
1046 1300 1228 1349 ἀνακρίνει
1256 1300 1389 1343 πάντα,
1407 1299 1455 1336 ib.
1478 1300 1529 1337 iii
1558 1301 1574 1336 1
1601 1301 1666 1337 οὐκ

50 1352 232 1403 ἠδυνήθην
262 1356 432 1404 λαλῆσαι
465 1355 549 1404 ἱμῖν
579 1356 626 1395 ὡς
657 1356 917 1403 πνευματικοῖς
950 1353 1037 1391 ἀλλ’
1071 1355 1117 1394 ὡς
1150 1371 1349 1403 σαρκινοις,
1379 1355 1425 1394 ὡς
1455 1371 1598 1402 νηπιοις
1629 1357 1666 1391 ἐι

50 1410 216 1459 Χριστῷ.
273 1409 316 1445 It
336 1422 417 1445 was
437 1409 533 1445 used
553 1413 597 1445 at
617 1422 640 1445 a
659 1409 764 1446 later
783 1409 919 1458 period
949 1409 991 1444 in
1020 1408 1223 1445 reference
1243 1411 1287 1445 to
1305 1409 1374 1444 the
1395 1408 1592 1445 orthodox
1612 1408 1665 1457 by

52 1462 121 1498 the
142 1462 393 1499 Montanists
412 1463 502 1500 who
530 1463 699 1500 claimed
726 1463 796 1500 the
820 1476 953 1512 power
982 1462 1024 1499 of
1053 1462 1265 1512 prophecy,
1288 1462 1410 1499 Clem.
1432 1462 1499 1499 Al.
1522 1462 1662 1499 Strom.

50 1516 101 1553 iv.
124 1529 160 1566 p.
186 1516 262 1553 605
285 1517 319 1553 Ρ
343 1519 377 1555 οἶ
405 1517 689 1567 Φρύγες...τοὺς
716 1519 765 1568 τῇ
784 1517 848 1567 νέᾳ
876 1517 1086 1567 προφητείᾳ
1118 1517 1172 1566 μὴ
1201 1516 1459 1567 προσέχοντας
1487 1517 1667 1567 ψυχικοὺς

54 1572 234 1609 καλοῦσιν
252 1585 259 1608 ;
291 1584 332 1608 so
353 1571 744 1620 Τ61·1;11111αῐ1(.Ῑ69”9ι9ι.
764 1570 802 1622 1)
824 1571 937 1620 gives
956 1571 1026 1608 the
1047 1584 1164 1607 name
1176 1571 1360 1619 Psycl'n'ci
1379 1580 1420 1607 to
1441 1572 1556 1607 those
1577 1571 1666 1607 who

53 1625 213 1662 refused
233 1629 276 1662 to
295 1625 397 1675 keep
421 1625 491 1663 the
511 1626 615 1663 fasts
643 1625 684 1662 of
713 1626 783 1663 the
813 1625 1076 1662 Montanists.
1136 1625 1184 1661 In
1208 1625 1276 1662 the
1296 1625 1428 1662 LXX.
1451 1638 1510 1662 we
1532 1625 1612 1661 find
1633 1625 1666 1662 it

52 1679 223 1729 opposed
243 1683 286 1716 to
306 1681 528 1729 σωματικάς,
548 1693 592 1717 as
612 1680 655 1716 in
676 1681 699 1717 4
721 1680 845 1717 Maec.
868 1680 892 1717 i.
917 1681 978 1716 32.
1038 1680 1096 1716 St.
1119 1679 1222 1716 Paul
1243 1683 1446 1716 contrasts
1467 1680 1536 1716 the
1558 1682 1667 1728 σῶμα

53 1734 299 1783 πνευματικόν
326 1735 428 1771 With
457 1735 527 1772 ‘bhe
557 1737 667 1784 σῶμα
701 1735 869 1786 ψυχικόν,
903 1734 920 1770 1
954 1734 1043 1771 Cor.
1073 1747 1140 1771 XV.
1176 1734 1238 1771 4-1.
1312 1733 1550 1783 Hilgenfeld
1588 1734 1667 1770 and

52 1789 188 1825 others
219 1789 306 1825 who
334 1789 509 1838 imagine
537 1802 591 1825 an
614 1789 787 1826 allusion
815 1792 859 1825 to
889 1788 945 1825 St.
970 1788 1072 1825 Paul
1102 1788 1144 1824 in
1174 1788 1201 1825 ὦ
1228 1789 1396 1838 ἄνθρωπε
1416 1788 1497 1826 κενέ
1516 1788 1572 1838 (ii.
1596 1786 1666 1837 20)

53 1843 197 1891 regard
217 1843 301 1880 this
321 1856 365 1880 as
385 1856 408 1880 a
428 1843 618 1880 sai-castic
638 1842 842 1880 reference
861 1846 904 1879 to
928 1843 946 1879 1
972 1843 1061 1880 Cor.
1082 1842 1122 1880 ii.
1148 1843 1277 1879 10-15
1296 1855 1307 1889 3
1340 1846 1348 1862 ‘
1361 1856 1461 1892 your
1481 1843 1668 1892 spiritual

55 1896 217 1934 wisdom
236 1897 272 1934 is
291 1911 416 1935 worse
435 1898 536 1935 than
557 1898 707 1949 ψυχική,
729 1897 762 1934 it
782 1898 816 1934 is
837 1896 1100 1946 δαιμονιώδηςῖ

109 1956 363 2003 δαιμονιώδης.]
419 1952 516 1988 Τ1115
536 1953 645 1988 word
674 1953 708 1989 is
738 1951 863 1988 found
893 1951 1107 1988 elsewhere
1137 1951 1232 2000 only
1263 1951 1305 1987 in
1336 1951 1405 1987 the
1435 1951 1596 1988 Scholia
1624 1956 1667 1987 to

55 2005 266 2054 Aristoph.
287 2006 392 2043 Rem.
417 2006 492 2043 295
514 2006 595 2042 and
622 2006 896 2056 Symmachus,
919 2005 985 2043 Ps.
1007 2018 1067 2042 xc,
1092 2006 1126 2042 6.
1186 2005 1258 2043 866
1279 2005 1407 2042 above
1428 2019 1464 2042 V.
1489 2006 1511 2042 6
1534 2007 1668 2056 φλογι-

54 2059 189 2108 ζομένη
222 2060 293 2097 ὑπὸ
319 2062 384 2110 τῆς
410 2060 569 2111 γεέννης,
600 2061 681 2097 and
712 2060 753 2097 ii.
792 2060 854 2104 19,
886 2060 904 2096 1
934 2060 1033 2097 Tim.
1063 2060 1115 2096 iV.
1142 2060 1159 2096 1
1188 2058 1247 2109 (of
1276 2058 1414 2096 future
1443 2058 1666 2109 apostates)

54 2113 306 2165 προσέχοντες
324 2116 513 2164 πνεύμασι
532 2115 689 2155 πλάνοις
711 2114 771 2152 καὶ
790 2113 1047 2154 διδασκαλίαις
1066 2113 1261 2163 δαιμονίων
1277 2116 1314 2152 ἐν
1330 2114 1524 2163 ὑποκρίσει
1541 2113 1667 2164 ψευδο-

55 2168 191 2218 λόγων,
221 2168 322 2218 Eph.
354 2169 394 2206 ii.
428 2170 450 2206 2
480 2169 507 2206 f.
538 2169 654 2206 those
684 2169 772 2206 who
803 2168 908 2205 walk
935 2168 1149 2218 according
1176 2172 1219 2205 to
1248 2168 1318 2204 the
1348 2181 1486 2205 course
1514 2168 1555 2205 of
1584 2168 1668 2204 this

55 2222 193 2267 world,
215 2224 307 2261 κατὰ
327 2223 392 2261 τὸν
412 2224 576 2274 ἄρχοντα
595 2225 660 2272 τῆς
681 2223 851 2268 ἐξουσίας
870 2225 936 2261 τοῦ
956 2222 1072 2272 ἀέρος,
1095 2236 1163 2259 are
1191 2223 1396 2260 described
1417 2236 1460 2259 as
1479 2224 1669 2262 ποιοῦντες

55 2277 102 2314 τὸ.
131 2277 324 2326 θελήματα
353 2280 418 2327 τῆς
446 2278 586 2328 σαρκὸς
614 2277 675 2315 καὶ
704 2280 776 2316 τῶν
805 2277 971 2315 διανοιῶν
1000 2276 1258 2327 (apparently
1284 2276 1597 2326 corresponding
1626 2280 1668 2313 to

57 2331 217 2381 ἐπίγειος
235 2331 315 2368 and
336 2333 475 2383 ψυχική
487 2330 624 2394 there),
645 2332 753 2369 John
776 2331 859 2368 viii.
890 2331 941 2368 44
969 2333 1008 2369 ἐκ
1027 2333 1093 2369 τοῦ
1112 2331 1253 2381 πατρὸς
1275 2333 1341 2369 τοῦ
1366 2331 1550 2380 διαβόλου
1570 2331 1668 2376 ἐστέ,

60 2386 78 2422 1
102 2385 243 2422 John
233 2386 273 2423 ii.
300 2387 360 2432 16,
382 2387 430 2424 ib.
453 2387 508 2423 iii.
533 2387 585 2423 8-
590 2386 651 2431 10,
671 2385 720 2424 ib.
744 2386 796 2422 iv.
822 2386 871 2422 1—
875 2386 910 2431 6,
933 2385 1063 2423 where
1092 2386 1135 2423 τὸ
1163 2388 1307 2435 πνεῦμα
1335 2388 1400 2435 τῆς
1429 2385 1605 2436 ἀληθείας
1633 2386 1667 2422 is

57 2439 353 2489 distinguished
373 2440 412 2478 fl
414 2454 478 2478 om
497 2441 540 2479 τὸ
560 2443 705 2490 πνεῦμα
723 2442 788 2490 τῆς
807 2441 962 2489 πλάνης.

116 2494 175 2531 16.
208 2499 491 2546 &navae-racia]
549 2494 620 2531 See
647 2495 774 2532 above
802 2507 886 2531 16.1·
911 2495 934 2531 8
955 2494 1034 2531 and
1060 2494 1084 2532 i.
1109 2495 1144 2540 8,
1171 2495 1188 2530 1
1220 2494 1309 2532 Cor.
1341 2495 1422 2532 xiv.
1446 2495 1495 2531 33
1527 2495 1569 2532 οὗ
1598 2494 1670 2545 γάρ

58 2550 160 2586 ἐστιν
180 2549 462 2588 ἀκαταστασίας
490 2550 509 2587 ὁ
539 2549 631 2589 Θεὸς
659 2550 761 2586 ἀλλὰ
781 2549 979 2598 εἰρήνης,
958 2550 979 2585 2
1001 2548 1180 2586 001.Xii.
1205 2549 1255 2585 20
1276 2549 1408 2586 wheie
1427 2549 1462 2586 it
1481 2549 1515 2586 is
1535 2548 1670 2599 joined

57 2602 157 2639 with
177 2604 289 2651 ζῆλος
306 2603 386 2640 and
407 2603 566 2653 ἐριθεῖαι,
587 2602 705 2640 Prov.
728 2604 836 2640 xxvi.
861 2604 911 2640 28
932 2603 1058 2652 στόμα
1078 2603 1241 2654 ἄστεγον
1259 2605 1359 2642 ποιεῖ
1376 2603 1670 2646 ἀκαταστασίας,

58 2656 179 2693 Olem.
202 2656 316 2694 Rom.
333 2657 356 2694 1.
382 2658 404 2694 3
427 2660 466 2695 ἐκ
484 2658 619 2695 τούτου
638 2659 750 2706 ζῆλος
769 2658 830 2695 καὶ
850 2657 990 2707 φθόνος
1010 2657 1071 2695 καὶ
1091 2658 1164 2706 ἔρις
1184 2658 1245 2695 καὶ
1265 2659 1413 2702 στάσις,
1429 2657 1589 2707 διωγμὸς
1609 2657 1670 2694 καὶ

58 2711 332 2757 ἀκαταστασία,
360 2711 526 2761 πόλεμος
555 2712 616 2749 καὶ
644 2712 898 2762 αἷχμαλωσία,
929 2711 1058 2762 ΕΡίοΐ).
1081 2712 1189 2749 Diss.
1207 2712 1265 2750 iii.
1296 2713 1356 2750 19.
1385 2713 1407 2748 3
1438 2711 1542 2750 οὐδὲν
1571 2712 1670 2748 ἄλλο

57 2767 222 2816 ταραχῆς
241 2763 264 2814 ἢ
284 2766 567 2807 ἀκαταστασίας
595 2766 713 2804 αἴτιόν
734 2768 836 2804 ἐστιν
855 2764 878 2815 ἢ
899 2766 1032 2817 δόγμα,
1054 2766 1194 2803 Hatch
1215 2780 1251 2816 p.
1276 2767 1310 2803 4.

113 2824 184 2857 πᾶν
201 2824 338 2867 ᾠαῦλον
355 2825 530 2871 πρᾶγμα.]
588 2820 744 2869 Simply
766 2825 774 2841 ‘
792 2834 912 2870 every
939 2820 1019 2857 evil
1049 2820 1192 2870 thing‚'
1213 2821 1328 2857 there
1356 2820 1390 2857 is
1419 2833 1470 2856 no
1500 2819 1599 2856 need
1627 2824 1670 2856 to

61 2873 158 2910 take
178 2876 251 2910 πᾶν
274 2892 306 2903 =
331 2878 339 2894 ‘
353 2874 447 2911 eitel
464 2874 470 2889 '
494 2874 593 2910 wilh
609 2875 819 2911 Hoffmann
835 2875 914 2911 and
932 2874 1150 2912 Erdmann.
1203 2875 1395 2924 Compare
1417 2874 1544 2923 Epioe.
1561 2874 1668 2910 Diss.
