1938 3178
35 143 81 180 II
105 144 251 182 18-111
275 143 313 196 1]

235 247 419 280 VULGATE.

33 344 97 378 ego
138 344 245 378 opera
283 332 398 367 habeo
416 344 424 367 :
475 333 621 367 ostende

0 418 1 421 ,
34 387 127 421 mihi
151 388 260 422 fidem
285 392 386 422 tuam
411 388 488 422 sine
505 389 620 434 operi-

32 441 110 486 bus,
152 446 188 476 et
228 454 292 487 ego
332 442 518 477 ostendam
552 443 621 477 tibi

32 508 76 531 ex
126 497 294 543 operibus
334 497 443 532 fidem
491 510 618 533 meam.

35 555 78 588 19
103 552 161 587 Tu
185 552 300 587 credis
326 554 498 599 quoniam
525 565 621 588 unus

31 611 85 642 est
130 607 228 642 deus.
294 607 391 642 Bene
431 608 518 643 facis
535 619 542 642 :
585 612 621 643 et

30 662 222 697 daemones
247 663 398 697 credunt
422 667 458 698 et
483 668 620 697 contre-

31 719 198 753 miscunt.
240 721 286 753 20
309 718 377 753 Uis
387 723 508 753 autem
520 719 619 763 scire,

31 785 52 808 o
69 773 178 808 homo
195 774 324 817 inanis,
342 774 515 819 quoniam
532 774 620 809 fides

31 830 108 864 sine
125 830 294 876 operibus
314 834 457 865 mortua
470 831 517 876 (a)
542 831 619 865 est?

31 888 74 920 21
114 885 301 920 Abraham
349 890 451 932 pater
498 891 620 921 noster

29 952 150 975 nonne
179 952 223 975 ex
252 941 422 987 operibus
447 941 617 977 iustifica-

29 1001 89 1032 tus
115 1001 168 1032 est
193 997 344 1032 offerens
373 997 472 1033 Isaac
498 999 618 1033 filium

29 1065 135 1088 suum
147 1065 254 1099 super
264 1053 401 1089 altare?
438 1058 482 1089 22
504 1055 618 1089 Uides

29 1109 202 1154 quoniam
234 1109 323 1144 fides
361 1111 618 1157 cooperabatur

29 1164 198 1210 operibus
214 1164 325 1208 illius,
338 1169 374 1199 et
387 1177 430 1200 ex
449 1166 618 1212 operibus

29 1219 118 1254 fides
135 1224 382 1255 consummata
406 1225 469 1265 est,
512 1224 557 1256 23
581 1225 618 1256 et

27 1275 195 1321 suppleta
219 1280 272 1310 est
296 1277 474 1322 scriptura
495 1277 618 1312 dicens

28 1331 193 1365 Credidit
212 1331 399 1366 Abraham
416 1332 492 1376 deo,
511 1337 547 1367 et
563 1345 615 1367 re-

28 1391 199 1433 putatum
228 1392 282 1422 est
310 1389 343 1422 ei
359 1389 409 1434 (β)
440 1389 486 1423 ad
512 1389 615 1424 iusti-

27 1443 127 1487 tiam,
142 1447 178 1477 et
191 1444 327 1478 amicus
340 1444 399 1478 dei
411 1444 615 1490 appellatus

27 1503 89 1534 est.
140 1503 185 1534 24
211 1500 357 1535 Uidetis
373 1502 547 1547 quoniam
570 1513 614 1536 ex

28 1555 197 1601 operibus
214 1556 431 1590 iustificatur
447 1556 557 1591 homo
579 1561 615 1591 et

26 1623 101 1646 non
111 1623 155 1645 ex
166 1611 237 1646 fide
248 1615 392 1647 tantum
406 1613 417 1647 2
442 1616 486 1647 25
506 1613 614 1648 Simi-

25 1667 111 1701 liter
127 1672 249 1702 autem
266 1672 302 1702 et
319 1668 418 1703 Raab
442 1670 614 1704 meretrix

26 1734 147 1757 nonne
164 1734 208 1757 ex
229 1723 398 1769 operibus
422 1724 616 1760 iustificata

26 1782 88 1822 est,
107 1779 304 1825 suscipiens
326 1780 474 1814 nuntios
491 1784 527 1815 et
543 1781 615 1815 alia

26 1833 87 1868 uia
112 1834 270 1869 eiciens?
319 1837 363 1869 26
389 1835 492 1870 Sicut
515 1836 614 1870 enim

26 1901 155 1936 corpus
207 1890 283 1925 sine
339 1891 471 1937 spiritu
519 1903 613 1926 mor-

27 1948 134 1979 tuum
146 1945 206 1992 (γ)
224 1949 287 1989 est,
305 1945 357 1980 ita
373 1950 409 1981 et
426 1946 514 1981 fides
536 1947 613 1981 sine

26 2000 195 2046 operibus
211 2004 355 2035 mortua
371 2005 433 2036 est.

69 2056 201 2091 III—1
218 2056 342 2091 Nolite
352 2057 475 2103 plures
486 2058 612 2103 magis-

25 2113 73 2146 tri
87 2112 165 2146 fieri
178 2113 237 2157 (ὃ),
256 2113 384 2147 fratres
400 2113 482 2155 mei,
501 2114 612 2148 scien-

24 2173 77 2203 tes
101 2169 274 2214 quoniam
294 2170 411 2203 maius
434 2169 612 2205 iudicium

25 2225 178 2259 sumitis.

57 2314 100 2380 {g}
115 2315 158 2373 ἔγ
168 2315 326 2373 Pl‘l’FrfflffiOn
338 2315 430 2342 otiosa
442 2323 474 2342 as
485 2316 515 2341 in
529 2317 558 2343 F.

142 2369 148 2374 .
164 2356 175 2373 ῐ
200 2357 218 2374 z.

56 2382 98 2416 (γ)
116 2382 145 2407 F.
161 2384 324 2408 emortuum.

56 2415 96 2448 (δ)
112 2416 194 2448 spec.
208 2417 280 2449 Aug.
295 2417 370 2449 effici.

604 145 780 182 LATIN
809 146 1054 184 VERSION
1057 149 1083 185 S

829 248 973 280 CORBEY
995 250 1067 282 MS.

654 331 792 368 habeo:
831 335 977 369 ostende
1011 336 1104 370 mihi
1136 336 1243 371 fidem

654 388 731 422 sine
749 390 940 435 operibus:
967 395 1003 425 et
1023 403 1087 437 ego
1110 391 1179 426 tibi
1201 392 1246 426 de

655 444 824 489 operibus
850 445 969 480 fidem.
1023 450 1064 481 19
1090 447 1146 481 Tu
1173 459 1244 482 cre-

654 498 710 533 dis
751 499 836 545 quia
878 512 972 535 unus
1004 501 1115 536 deus:
1154 502 1245 537 bene

654 551 741 586 facis
757 564 763 587 :
783 557 818 587 et
835 553 1025 589 daemonia
1042 556 1194 590 credunt
1210 561 1246 591 et

655 609 946 644 contremiscunt.
1006 613 1052 645 20
1077 611 1147 646 Uis
1183 623 1244 646 au-

653 665 728 696 tem
745 663 834 697 scire
851 675 871 697 o
888 663 997 699 homo
1016 676 1137 709 uacue,
1156 677 1244 712 quo-

654 717 754 752 niam
804 718 892 753 fides
942 720 1019 754 sine
1076 722 1245 767 operibus

654 784 769 807 uacua
816 778 869 808 est
888 774 900 808 2
972 778 1013 810 21
1057 776 1245 812 Abraham

653 832 756 874 pater
779 833 910 872 noster,
929 842 1049 865 nonne
1066 843 1110 866 ex
1129 833 1244 878 operi-

652 884 720 919 bus
749 885 967 921 iustificatus
995 892 1059 934 est,
1092 889 1244 924 offerens

653 939 752 974 Isaac
800 940 920 975 filium
973 954 1080 977 suum
1136 956 1244 991 super

651 995 782 1030 aram?
846 999 890 1031 22
923 997 1037 1032 Uides
1070 1000 1243 1044 quoniam

652 1048 740 1083 fides
758 1052 1000 1086 communicat
1021 1065 1103 1087 cum
1127 1055 1242 1100 operi-

651 1103 719 1139 bus
736 1105 819 1149 suis,
838 1111 874 1140 et
898 1118 942 1141 ex
968 1109 1137 1154 operibus
1154 1110 1243 1144 fides

652 1159 896 1205 confirmatur,
938 1165 984 1197 23
1018 1167 1054 1198 et
1091 1164 1243 1210 impleta

651 1220 705 1250 est
725 1218 904 1264 scriptura
925 1219 1057 1263 dicens,
1077 1220 1242 1256 Credidit

651 1271 839 1307 Abraham
859 1274 1008 1309 domino
1025 1280 1060 1310 et
1077 1277 1240 1311 aestima-

651 1332 731 1362 tum
764 1333 817 1363 est
849 1330 883 1363 ei
915 1330 960 1365 ad
984 1331 1175 1376 iustitiam,
1205 1337 1241 1368 et

649 1383 786 1418 amicus
814 1384 873 1419 dei
905 1390 1054 1421 uocatus
1082 1392 1144 1422 est.
1195 1391 1240 1423 24

650 1437 796 1473 Uidetis
816 1441 989 1485 quoniam
1010 1453 1053 1476 ex
1071 1443 1240 1488 operibus

649 1493 868 1529 iustificetur
893 1495 1002 1531 homo
1030 1502 1066 1531 et
1092 1509 1166 1532 non
1195 1510 1238 1533 ex

648 1549 719 1583 fide
751 1553 906 1586 tantum.
984 1555 1028 1587 25
1059 1553 1240 1589 Similiter

648 1609 684 1639 et
702 1605 802 1640 Raab
828 1606 1029 1652 fornicaria,
1048 1621 1169 1644 nonne
1194 1622 1237 1645 ex

648 1661 817 1706 operibus
833 1662 1030 1698 iustificata
1040 1671 1056 1687 ²²
1072 1669 1135 1709 est,
1155 1677 1237 1701 cum

648 1717 859 1762 suscepisset
870 1718 1114 1764 exploratores
1127 1733 1170 1756 ex
1185 1723 1238 1757 xii

647 1772 840 1807 tribubusb
869 1774 1030 1810 filiorum
1060 1777 1172 1812 Israel
1202 1783 1238 1813 et

647 1839 711 1873 per
727 1827 836 1863 aliam
854 1829 952 1864 uiam
970 1842 1028 1865 eos
1048 1832 1235 1868 eiecisset?

647 1886 691 1917 26
717 1883 820 1918 Sicut
848 1889 970 1920 autem
999 1899 1127 1933 corpus
1160 1889 1236 1924 sine

647 1939 779 1984 spiritu
796 1945 982 1976 mortuum
999 1947 1062 1986 est,
1081 1944 1131 1978 sic
1148 1944 1236 1979 fides

646 1995 722 2028 sine
736 2006 844 2041 opera
856 2001 999 2032 mortua
1012 2003 1073 2033 est.
1125 1999 1236 2034 III—

649 2052 665 2083 1
694 2049 819 2084 Nolite
841 2051 952 2086 multi
976 2054 1140 2099 magistri
1162 2067 1235 2090 esse

646 2105 773 2140 fratres
790 2107 872 2150 mei,
891 2108 1041 2143 scientes
1061 2111 1234 2155 quoniam

646 2161 763 2196 maius
799 2162 977 2198 iudicium
1006 2166 1232 2211 accipiemus.

679 2255 693 2268 ²
710 2251 768 2277 MS.
785 2252 966 2285 iustificata&

680 2283 695 2303 b
712 2285 770 2312 MS.
785 2286 842 2312 and
854 2287 918 2313 Sab.
935 2287 1035 2321 tribue,
1049 2289 1123 2314 asin
1136 2289 1157 2316 1.
1174 2291 1197 2316 1.

1590 155 1637 191 13

1310 253 1505 286 SPECULUM
1531 264 1605 288 AM)

1332 297 1582 331 PRISCILLIAN.

1326 447 1477 494 [II—19
1492 449 1587 493 (Sch.
1602 462 1635 495 p.

1279 504 1338 548 27)
1382 504 1502 539 credes
1551 506 1638 550 quia

1279 570 1374 593 unus
1422 560 1510 594 deus
1559 566 1636 594 est:

1279 613 1346 648 hoc
1379 619 1415 649 et
1447 615 1637 650 daemonia

1279 668 1419 704 faciunt
1435 675 1472 705 et
1488 671 1635 717 perhor-

1279 725 1450 772 rescunt.]

1321 1358 1365 1390 26
1394 1357 1463 1400 (W.
1488 1370 1520 1404 p.
1546 1361 1628 1405 411)

1274 1410 1377 1446 Sicut
1417 1413 1515 1448 enim
1556 1427 1630 1450 cor-

1272 1478 1341 1512 pus
1381 1468 1457 1502 sine
1498 1470 1630 1515 spiritu

1272 1527 1459 1557 mortuum
1487 1529 1549 1568 est,
1581 1526 1631 1560 sic

1273 1581 1308 1611 et
1322 1577 1409 1612 fides
1422 1579 1499 1613 sine
1513 1581 1628 1626 operi-

1272 1632 1339 1667 bus
1356 1638 1500 1669 mortua
1516 1640 1579 1671 est.

1319 1688 1450 1724 III—1
1489 1691 1557 1736 (W.
1592 1704 1626 1738 p.

1272 1744 1353 1788 524)
1382 1744 1506 1780 Nolite
1533 1747 1628 1781 mul-

1270 1800 1403 1846 tiloqui
1416 1813 1489 1836 esse
1500 1802 1627 1838 fratres

1270 1854 1342 1888 mei
1366 1867 1374 1896 ;
1442 1856 1593 1891 scientes
1616 1858 1627 1879 1

1269 1909 1355 1955 quia
1369 1911 1485 1945 maius
1497 1911 1625 1947 iudici—

1269 1975 1333 1999 um
1361 1965 1566 2012 accipietis:

1303 2053 1314 2073 1
1332 2054 1359 2080 S.
1374 2061 1430 2082 om.
1444 2056 1567 2082 scientes.
