1938 3178
374 145 450 184 ΟΝ
478 145 593 183 ΤΗΕ
622 144 920 183 GRAMMAR
949 145 1016 182 OF
1046 145 1114 183 ST.
1147 145 1332 183 JAMES
1520 147 1660 184 clxxiii

107 251 171 304 (α)
203 249 228 291 1.
254 249 304 292 17
328 251 604 301 καταβαῖνον
632 248 722 291 ἀπὸ
751 252 828 291 τοῦ
859 248 1050 303 Πατρός,
1073 250 1125 290 iv.
1150 249 1174 293 7
1198 250 1407 306 φεύξεται
1430 250 1505 306 ἀφ’
1530 251 1660 303 ὑμῶν,

48 331 86 358 v.
110 318 162 358 19
186 316 450 358 πλανᾶσθαι
471 315 562 358 ἀπὸ
583 319 660 368 τῆς
683 315 910 367 ἀληθείας.

109 382 163 436 (b)
196 383 221 423 i.
254 382 308 425 27
343 381 541 424 ἄσπιλον
574 380 731 423 ἑαυτὸν
767 384 915 436 τηρεῖν
949 379 1039 423 ἀπὸ
1073 384 1151 422 τοῦ
1185 380 1366 434 κόσμου,
1396 381 1537 422 where
1571 381 1662 423 ἀπό

47 449 223 503 belongs
246 454 289 489 to
310 448 416 489 both
449 451 596 502 τηρεῖν
616 448 699 488 and
724 446 935 497 ἄσπιλον,
957 462 1004 488 or
1024 447 1170 488 rather
1196 454 1240 488 to
1267 448 1381 488 their
1399 448 1515 502 joint
1537 449 1665 489 effect

45 515 116 568 (cf.
137 514 260 555 Luke
283 514 353 555 xii.
373 516 423 555 15
449 513 746 569 φυλάσσεσθε
767 512 858 555 ἀπὸ
880 513 1152 566 πλεονεξίας,
1173 513 1279 554 Acts
1300 529 1370 554 XX.
1395 516 1448 555 26
1472 512 1663 568 καθαρὸς

47 578 137 621 ἀπὸ
160 582 237 621 τοῦ
259 578 477 633 αἵματος).

107 646 157 700 (c)
189 646 215 688 i.
240 649 293 688 13
322 645 412 688 ἀπὸ
435 648 550 688 Θεοῦ
579 645 856 700 πειράζομαι,
886 661 923 688 ν.
946 646 974 686 4
1005 643 1026 687 ὁ
1057 645 1220 699 μισθὸς
1252 644 1273 688 ὁ
1305 645 1665 702 ἀφυστερημένος

48 712 126 768 ἀφ’
151 712 280 765 ὑμῶν.

106 778 188 820 διά.
214 798 252 813 =
276 779 580 820 instrumental
601 778 758 827 dative,
778 778 820 820 ii.
845 781 898 819 12
917 777 987 820 διὰ
1005 777 1138 831 νόμου
1159 778 1412 834 ἐλευθερίας
1435 779 1665 834 κρίνεσθαι

49 844 117 898 (cf.
141 845 263 887 Rom.
285 845 327 886 11.
352 846 404 885 12
427 843 498 886 διὰ
520 843 653 897 νόμου
675 844 996 899 κριθήσονται).

105 910 293 952 ἐνώπιον
313 911 624 964 (Hellenistic).
660 910 714 952 iv.
739 912 792 951 10
814 909 1118 963 ταπεινώθητε
1139 910 1327 954 ἐνώπιον
1350 912 1530 966 Κυρίου.

107 977 166 1030 ἐξ.
201 978 313 1026 local,
341 977 400 1018 iii.
436 979 488 1018 10
512 977 561 1018 ἐκ
595 977 818 1030 στόματος
848 977 1078 1035 ἐξέρχεται
1112 977 1306 1032 εὐλογία,
1338 978 1398 1020 111.
1428 981 1478 1019 11
1511 979 1560 1020 ἐκ
1589 982 1667 1032 τῆς

49 1042 162 1096 ὀπῆς
194 1043 324 1097 βρύει
357 1042 406 1085 τὸ
446 1043 616 1097 γλυκύ;
649 1044 866 1097 partitive,
897 1043 940 1084 ii.
979 1045 1030 1086 16
1063 1044 1130 1089 τίς
1164 1044 1213 1097 ἐξ
1247 1045 1396 1097 ὑμῶν,·
1438 1047 1591 1095 musal,
1624 1046 1668 1088 ii.

50 1113 116 1161 21,
148 1112 215 1160 24,
247 1113 299 1151 25
333 1110 383 1163 ἐξ
412 1109 549 1164 ἔργων
577 1108 827 1162 ἐδικαιώθη,
859 1110 912 1152 iv.
935 1110 961 1152 i.
984 1111 1032 1152 ἐκ
1054 1113 1140 1153 τῶν
1169 1111 1334 1163 ἡδονῶν
1363 1112 1522 1169 μάχαι,
1546 1113 1587 1154 11.
1612 1115 1666 1153 22

48 1177 98 1218 ἐκ
129 1179 216 1219 τῶν
247 1176 385 1231 ἔργων
415 1177 440 1229 ἡ
473 1177 628 1222 πίστις
660 1175 909 1228 ἐτελειώθη,
937 1177 981 1218 11.
1005 1179 1058 1218 18
1081 1176 1208 1230 δείξω
1237 1178 1287 1218 ἐκ
1313 1180 1400 1220 τῶν
1423 1178 1562 1233 ἔργων
1582 1197 1667 1232 μου

49 1243 129 1296 τὴν
150 1243 318 1292 πίστιν,
339 1243 398 1285 111.
423 1245 476 1284 18
499 1242 682 1296 δειξάτω
706 1243 755 1284 ἐκ
778 1246 855 1295 τῆς
878 1246 1018 1295 καλῆς
1040 1243 1324 1300 ἀναστροφῆς
1346 1244 1401 1286 τὰ
1424 1245 1540 1299 ἔργα.
1593 1247 1667 1299 (In

48 1310 123 1352 the
144 1311 226 1351 last
248 1310 369 1351 three
391 1310 612 1364 examples
634 1310 708 1350 the
730 1310 842 1351 force
864 1310 899 1350 is
922 1310 1069 1365 nearly
1085 1310 1183 1351 that
1200 1311 1247 1351 of
1263 1311 1337 1352 the
1359 1311 1669 1354 instrumental

48 1376 228 1431 dative.)

107 1443 195 1485 ἐπί.
232 1444 345 1493 local,
367 1458 403 1484 v.
431 1442 483 1485 17
507 1441 586 1484 οὐκ
608 1442 789 1496 ἔβρεξεν
811 1441 887 1484 ἐπὶ
908 1445 986 1495 τῆς
1007 1445 1100 1496 γῆς.

108 1508 188 1555 ἕως
211 1509 306 1564 (not
327 1509 431 1550 used
454 1524 500 1550 as
521 1523 545 1549 a
566 1508 830 1563 preposition
851 1508 994 1550 before
1008 1509 1254 1563 Aristode).
1284 1525 1321 1552 v,
1341 1509 1365 1553 7
1386 1511 1670 1567 μακροθυμή-

50 1593 162 1618 σατε
184 1576 262 1622 ἕως
284 1578 362 1628 τῆς
385 1576 649 1629 παρουσίας.

107 1644 236 1687 κατά.
267 1643 485 1699 ‘againsb,’
512 1659 550 1685 V.
580 1645 604 1685 9
638 1642 872 1696 στενάζετε
904 1642 1000 1684 κατ’
1033 1642 1260 1696 ἀλλήλων,
1283 1644 1342 1685 iii.
1368 1647 1421 1685 14
1443 1645 1671 1700 ψεύδεσθε

50 1710 165 1753 κατὰ
187 1714 264 1764 τῆς
286 1710 512 1763 ἀληθείας.

108 1777 243 1832 παρά.
264 1777 290 1820 1.
314 1780 336 1819 5
361 1777 501 1819 αἰτεῖν
523 1775 645 1831 παρὰ
668 1777 798 1824 Θεοῦ,
825 1776 850 1818 1.
875 1776 898 1820 7
921 1776 1158 1832 λήμψεται
1181 1776 1303 1832 παρὰ
1325 1780 1404 1820 τοῦ
1427 1779 1607 1833 Κυρίου.

108 1844 208 1899 πρό.
238 1845 351 1894 local,
372 1859 409 1885 V.
428 1845 452 1885 9
475 1841 561 1898 πρὸ
583 1845 670 1886 τῶν
692 1843 835 1899 θυρῶν
856 1843 1067 1896 ἕστηκεν;
1098 1845 1284 1897 ίφόἷηίἀζ,
1308 1860 1342 1886 v.
1368 1847 1421 1885 12
1445 1844 1530 1899 πρὸ
1554 1845 1665 1888 πάν-

51 1928 138 1953 των
158 1909 217 1963 μὴ
241 1909 434 1963 ὀμνύετε.

109 1979 233 2033 ὑπέρ.
270 1994 309 2021 v.
332 1981 384 2022 16
408 1977 598 2036 εὔχεσθε
621 1977 731 2033 ὑπὲρ
753 1977 982 2031 ἀλλήλων.

110 2045 208 2088 ὑπό.
244 2046 476 2099 09329720352'7129
497 2046 560 2086 the
581 2050 704 2098 aycnt
725 2045 849 2099 (used
872 2045 918 2086 of
943 2045 1182 2087 inanimate
1204 2045 1352 2101 things
1373 2047 1456 2087 and
1482 2047 1670 2089 abstrac-

50 2112 196 2166 tions)‚
218 2112 243 2153 i.
268 2114 321 2153 14
345 2111 430 2154 ὑπὸ
454 2115 530 2164 τῆς
552 2111 789 2164 ἐπιθυμίας
819 2111 1085 2165 πειράζεται,
1108 2112 1165 2153 111.
1190 2114 1215 2152 4
1240 2111 1325 2155 ὑπὸ
1348 2113 1518 2166 ἀνέμων
1540 2114 1674 2155 ε’λαυ-

51 2179 222 2232 νόμενα,
246 2177 331 2221 ὑπὸ
361 2178 584 2230 πηδαλίου
614 2177 867 2231 μετάγεται,
898 2178 956 2220 111.
985 2181 1008 2220 6
1039 2179 1334 2234 φλογιζομένη
1369 2179 1454 2222 ὑπὸ
1485 2181 1673 2234 γεέννης,

51 2246 93 2289 ii.
118 2249 142 2289 9
165 2245 454 2304 ἐλεγχόμενοι
477 2244 563 2288 ὑπὸ
586 2248 664 2287 τοῦ
689 2244 832 2298 νόμον.

109 2312 260 2370 χωρίς.
298 2312 340 2354 ii.
365 2314 418 2352 18
440 2311 578 2369 χωρὶς
600 2313 687 2353 τῶν
709 2311 859 2365 ἔργων,
880 2312 931 2353 ib.
956 2314 1023 2363 20,
1046 2314 1113 2354 26.

121 2427 175 2467 W
173 2427 237 2467 sith
257 2427 423 2467 Dative.

110 2515 167 2557 ἐν.
202 2515 264 2569 (α)
298 2516 348 2568 of
364 2515 495 2568 place,
551 2513 619 2563 1n‚'
652 2512 857 2569 ‘among,’
878 2514 1013 2555 hence
1041 2515 1088 2555 of
1111 2514 1318 2569 clofflling,
1343 2515 1400 2569 (b)
1423 2517 1472 2569 of
1497 2518 1672 2557 circum-

51 2586 203 2622 stances
233 2583 321 2622 [md
351 2581 723 2634 ccccompanimands
753 2581 804 2633 of
831 2581 981 2628 action,
1007 2582 1058 2636 (c)
1084 2583 1132 2635 os
1147 2583 1256 2631 time,
1281 2582 1342 2636 (d)
1367 2584 1416 2636 οἵ
1435 2584 1499 2624 tlw
1520 2585 1672 2637 sphera

54 2649 108 2702 (c)
132 2649 182 2702 of
196 2648 351 2688 mental
371 2651 485 2697 state,
508 2647 580 2700 (f)
603 2648 653 2699 of
667 2647 832 2699 ground
853 2661 899 2687 ον
919 2661 1048 2697 cause,
1072 2647 1128 2700 (9)
1153 2648 1202 2700 of
1216 2648 1499 2690 instrument:

112 2715 174 2769 (α)
205 2713 265 2756 iii.
288 2715 312 2755 6
335 2713 361 2765 ἡ
383 2715 579 2767 γλῶσσα
608 2712 883 2754 καθίσταται
906 2713 951 2755 ἐν
973 2716 1066 2759 τοῖς
1096 2712 1291 2766 μέλεσιν,
1313 2715 1338 2756 1.
1363 2717 1416 2756 23
1440 2719 1673 2757 κατανοεῖν

54 2782 103 2824 τὸ
136 2781 382 2837 πρόσωπον
413 2781 458 2824 ἐν
489 2780 693 2836 ἐσόπτρῳ
728 2780 845 2835 (here
878 2781 913 2822 it
943 2782 1262 2836 approximates
1287 2787 1332 2823 to
1359 2797 1432 2824 use
1453 2784 1513 2837 (J),
1535 2784 1593 2825 iii.
1619 2787 1672 2825 14
