1938 3178
185 144 263 180 2:36
627 142 816 179 INDEX
845 141 914 178 OF
943 140 1140 178 GREEK
1169 139 1371 178 WORDS

979 268 1013 302 A

181 356 307 394 λαλι’ω
327 369 333 391 ;
364 356 387 393 i.
415 356 461 391 19
492 354 634 404 βραδὺς
655 356 704 394 εἰς
724 354 767 391 τὸ
786 355 970 403 λαλῆσαι,
993 353 1031 390 ii.
1060 354 1107 389 12
1130 353 1246 393 οὕτως
1274 353 1440 396 λαλεῖτε,
1463 364 1498 388 V.
1526 352 1574 388 10
1606 353 1806 402 ἐλάλησαν

293 428 330 447 ιν
356 411 407 460 τῷ
427 410 582 458 ὀνόματι
603 408 756 457 Κυρίου.

182 464 393 513 λαμβάνωῑ
421 464 446 501 i.
471 464 491 501 7
512 464 566 513 μὴ
587 463 724 501 οἰέσθω
744 462 802 500 ὅτι
821 462 1018 513 λήμψεταί
1033 479 1080 505 τι,
1103 461 1127 498 i.
1155 462 1202 498 12
1223 461 1415 511 λήμψεται
1434 460 1500 498 τὸν
1520 460 1724 510 στέφανον,
1746 461 1802 498 iii.

294 519 309 554 1
334 520 461 567 μεῖζον
478 518 591 567 κρίμα
611 517 855 568 λημψόμεθα,
877 517 930 553 iv.
956 517 978 553 3
999 518 1135 554 αἰτεῖτε
1156 515 1217 553 καὶ
1247 517 1290 554 οὐ
1309 515 1540 564 λαμβάνετε,
1562 528 1598 552 V.
1623 514 1645 553 7
1670 532 1808 565 μακρο-

290 574 415 621 θυμῶν
445 573 510 612 ἕως
543 571 663 622 λάβῃ,
699 585 736 608 V.
774 572 823 608 10
857 571 1066 622 ὑπόδειγμα
1099 570 1242 619 λάβετε
1275 569 1361 610 τοὺς
1390 570 1598 620 προφήτας.
1659 570 1732 607 See
1766 583 1802 620 p.

291 640 420 664 exem.

180 681 376 731 λαμπρόςε
416 681 455 718 ii.
494 682 515 717 2
552 683 590 718 ἐν
621 681 753 730 ἐσθῆτι
783 681 954 732 λαμπρᾷ,
985 680 1025 717 ii.
1061 680 1084 717 3
1124 679 1189 717 τὸν
1219 681 1411 729 φοροῦντα
1448 679 1517 728 τὴν
1556 678 1699 727 ἐσθῆτα
1736 679 1805 729 τὴν

290 736 481 785 λαμπράν.

180 791 280 841 λέγω
300 803 307 826 ;
336 790 360 826 i.
388 791 434 826 13
455 788 585 839 μηδεὶς
604 789 747 840 λεγέτω
767 789 836 832 ὅτι,
858 789 899 826 ii.
925 789 972 826 14
994 790 1058 827 ἐὰν
1077 789 1207 826 πίστιν
1226 787 1322 838 λέγῃ
1342 804 1398 828 τις
1419 787 1527 838 ἔχειν,
1548 787 1590 823 ii.
1613 787 1676 832 23,
1696 786 1749 824 iv.
1766 789 1804 832 5,

290 845 312 881 6
348 845 371 893 ἡ
397 845 530 895 γραφὴ
560 844 676 895 λέγει,
712 844 765 881 iv.
801 843 849 880 13
883 844 950 894 ἄγε
974 846 1038 882 νῦν
1069 844 1103 881 οἱ
1123 843 1309 892 λέγοντες,
1330 842 1383 879 iv.
1411 842 1458 878 15
1481 841 1562 879 ἀντὶ
1582 843 1648 879 τοῦ
1676 842 1802 892 λέγειν

293 900 397 948 ὑμᾶς.

180 953 323 990 λείπωῖ
354 954 378 990 i.
402 954 425 990 4
458 956 496 991 ἐν
529 952 659 1002 μηδενὶ
692 953 921 1003 λειπόμενοι,
943 953 967 989 i.
991 952 1013 989 5
1037 952 1141 992 εἴτις
1161 953 1261 1001 ὑμῶν
1294 951 1464 989 λείπεται
1498 950 1652 1000 σοφίας,
1685 950 1725 987 li.
1753 951 1799 988 15

288 1007 505 1057 λειπόμενοι
523 1009 588 1056 τῆς
608 1007 798 1057 ἐφημέρου
817 1009 972 1058 τροφῆς.

179 1062 380 1113 λογίζομαι
399 1076 406 1098 2
435 1062 474 1099 ii.
499 1063 548 1099 23
571 1061 754 1113 ἐλογίσθη
773 1064 871 1114 αὐτῷ
893 1064 943 1102 εἷς
963 1060 1216 1109 δικαιοσύνην.

179 1119 296 1167 λογος
314 1130 320 1152 t
351 1117 374 1153 i.
402 1117 450 1153 18
471 1117 684 1166 ἀπεκύησεν
702 1117 800 1165 ἡμᾶς
819 1118 922 1168 λόγῳ
943 1116 1132 1165 ἀληθείας,
1151 1115 1175 1152 i.
1201 1115 1247 1151 21
1271 1115 1336 1152 τὸν
1357 1115 1525 1164 ἔμφυτον
1544 1113 1674 1164 λόγον,
1692 1113 1716 1150 i.
1749 1115 1799 1152 22

288 1171 439 1220 ποιηταὶ
459 1172 589 1222 λόγου,
611 1171 635 1207 i.
660 1172 709 1207 23
731 1172 917 1221 ἀκροατὴς
945 1171 1076 1222 λόγου,
1096 1170 1152 1207 iii.
1176 1171 1197 1206 2
1234 1169 1268 1207 εἴ
1295 1186 1351 1209 τις
1383 1172 1420 1207 ἐν
1453 1169 1558 1221 λόγῳ
1593 1169 1635 1205 οὗ
1665 1170 1799 1207 πταίει.

289 1226 362 1263 See
382 1239 445 1276 pp.
469 1225 561 1270 clix,
582 1225 686 1264 clxv.

970 1335 1012 1369 M

177 1422 391 1472 μακαρίζωῑ
421 1434 458 1458 v.
484 1422 528 1458 11
554 1420 643 1465 ἰδοὺ,
665 1421 918 1471 μακαρίζομεν
936 1421 1022 1461 τοὺς
1042 1421 1320 1470 ὗπομειναντας.

177 1477 381 1526 μακάριοςῑ
411 1477 434 1513 i.
462 1477 509 1512 12
533 1476 722 1525 ’μακάριος
742 1476 834 1525 ἀνὴρ
864 1475 904 1516 ὃς
923 1475 1098 1524 ὑπομένει
1116 1475 1338 1524 πειρασμόν,
1361 1474 1385 1511 i.
1411 1473 1459 1510 25
1483 1473 1591 1515 οὗτος
1620 1475 1801 1525 μακάριος

289 1533 327 1568 ἐν
345 1531 393 1580 τῇ
412 1531 564 1580 ποιήσει
583 1532 697 1568 αὐτοῦ
718 1530 837 1567 ἔσται.

176 1599 204 1623 e.
227 1585 474 1635 μακροθυμέω
493 1598 500 1621 :
529 1598 566 1621 V.
587 1584 609 1623 7
629 1584 959 1634 μακροθυμήσατε,
979 1584 1044 1624 ἕως
1063 1586 1128 1632 τῆς
1147 1600 1356 1632 παρουσιας
1370 1585 1436 1620 τοῦ
1450 1583 1668 1632 Κυρίου...ὁ
1688 1601 1798 1635 γεωρ-

285 1639 352 1690 γὸς
381 1638 569 1690 ἐκδέχεται
586 1639 846 1688 μακροθυμῶν,
866 1651 902 1675 V.
926 1639 949 1674 8
970 1638 1287 1687 μακροθυμήσατε
1308 1637 1368 1674 καὶ
1388 1638 1500 1685 ὑμεῖς.

176 1694 416 1744 μακροθυμία
435 1707 442 1730 :
472 1706 509 1730 V.
535 1694 583 1730 10
605 1692 812 1744 ὑπόδειγμα
831 1693 973 1741 λάβετε
992 1694 1057 1741 τῆς
1075 1692 1334 1741 μακροθυμίας
1353 1692 1439 1731 τοὺς
1459 1691 1669 1741 προφήτας.

178 1762 208 1787 c.
229 1748 419 1798 μαραίνωέ
450 1748 473 1784 i.
499 1748 543 1784 11
569 1749 589 1785 ὃ
609 1748 795 1787 πλούσιος
815 1750 853 1785 ἐν
871 1749 952 1787 ταῖς
970 1747 1135 1796 πορείαις
1155 1747 1268 1783 αὐτοῦ
1286 1746 1579 1796 μαρανθήσεται.

175 1803 380 1852 μαρτύριον
399 1815 406 1838 t
435 1816 471 1838 V.
496 1803 518 1838 3
541 1803 560 1839 ὁ
582 1802 634 1842 ἰὸς
653 1803 772 1839 αὐτῶν
793 1803 842 1841 εἰς
860 1801 1063 1850 μαρτύριον
1082 1803 1168 1850 ὑμῖν
1188 1801 1305 1838 ἔσται.

177 1858 334 1906 μάταιος
352 1870 359 1893 :
390 1857 413 1893 i.
439 1857 487 1893 26
509 1857 644 1894 τούτου
662 1857 822 1905 μάταιος
841 1857 865 1905 ἡ
895 1856 1086 1905 θρησκεία.

177 1912 282 1962 μάχη
299 1924 306 1947 2
336 1911 387 1948 iv.
414 1911 431 1947 1
456 1910 571 1948 πόθεν
589 1911 752 1960 πόλεμοι
774 1910 835 1948 καὶ
853 1911 973 1961 μάχαι
993 1913 1031 1948 ἐν
1050 1911 1136 1959 ὑμῖν
1149 1927 1161 1954 ,-

177 1966 371 2017 μάχομαι;
402 1966 454 2002 iv.
479 1966 500 2001 2
523 1965 694 2016 μάχεσθε
714 1965 775 2002 καὶ
795 1966 1006 2013 πολεμεῖτε.

177 2035 205 2058 c.
229 2019 476 2070 μεγαλαυχέω
498 2019 664 2070 (μεγάλα
683 2018 821 2070 αὗχέω)
842 2033 849 2056 :
879 2019 934 2055 iii.
958 2019 980 2054 5
1002 2019 1205 2069 ἡγλῶσσα
1224 2018 1378 2067 μεγάλα
1399 2019 1516 2069 αὐχεῖ.

177 2074 335 2123 μείζωνῖ
365 2074 420 2110 iii.
447 2075 463 2110 1
489 2076 617 2123 μεῖζον
637 2074 762 2123 κρίμα,
783 2074 835 2110 iV.
860 2073 882 2109 6
903 2073 1054 2123 μείζονα
1075 2072 1226 2111 δίδωσιν
1245 2071 1367 2123 χάριν.

177 2128 309 2177 μέλλω
326 2142 332 2164 2
363 2129 402 2164 ii.
430 2129 477 2164 12
500 2127 559 2166 διὰ
578 2128 695 2177 νόμου
715 2127 927 2177 ἐλευθερίας
945 2127 1152 2177 μέλλοντες
1172 2127 1376 2176 κρίνεσθαι.

177 2183 318 2231 μέλος;
347 2183 401 2218 iii.
426 2183 448 2219 5
470 2183 493 2231 ἡ
518 2184 683 2233 γλῶσσα
702 2182 837 2231 μικρὸν
855 2182 981 2231 μέλος,
1004 2182 1058 2218 iii.
1084 2183 1106 2218 6
1132 2182 1152 2219 ὁ
1173 2182 1316 2230 κόσμος
1335 2184 1400 2230 τῆς
1430 2180 1571 2221 ἀδικίας
1590 2181 1613 2230 ἡ
1633 2184 1798 2232 γλῶσσα

286 2236 510 2275 καθίσταται
549 2239 586 2274 ἐν
623 2238 702 2276 τοῖς
739 2237 908 2285 μέλεσιν,
941 2237 993 2273 iV.
1035 2237 1052 2272 1
1095 2238 1167 2273 τῶν
1204 2235 1345 2285 ἡδονῶν
1382 2238 1453 2273 τῶν
1492 2237 1798 2286 στρατευομένων

287 2293 325 2328 ἐν
344 2292 423 2331 τοῖς
440 2291 600 2340 μέλεσιν
620 2292 731 2339 ὑμῶν.

177 2345 269 2394 μέν;
299 2345 353 2381 iii.
380 2345 426 2382 17
448 2348 596 2394 πρῶτον
614 2347 682 2394 μὲν
709 2345 814 2395 ἀγνή.

176 2400 303 2448 μέντοι
322 2412 328 2434 :
359 2399 398 2435 ii.
422 2400 445 2435 8
468 2401 498 2436 εἰ
516 2399 644 2448 μέντοι
663 2399 778 2447 νόμον
797 2400 948 2437 τελεῖτε.

177 2453 340 2502 μεστόςῖ
369 2453 424 2489 iii.
449 2454 472 2489 8
493 2454 616 2502 μεστὴ
638 2455 694 2490 ἷοῦ
714 2454 990 2502 θανατηφόρου,
1012 2453 1066 2490 iii.
1095 2453 1141 2491 17
1162 2454 1287 2502 μεστὴ
1309 2453 1446 2493 ἐλέους.

178 2522 209 2545 c.
229 2507 380 2557 μετάγω
399 2520 405 2542 :
436 2507 489 2543 iii.
526 2508 548 2543 3
583 2508 626 2544 τὸ
656 2510 766 2556 σῶμα
793 2509 912 2545 αὐτῶν
930 2509 1154 2558 μετάγομεν,
1177 2508 1232 2544 iii.
1256 2508 1279 2543 4
1300 2509 1347 2545 τὰ
1366 2509 1484 2545 πλοῖα
1502 2507 1704 2558 μετάγεται
1724 2509 1796 2546 ὑπὸ

287 2562 492 2611 ἐλαχίστου
510 2560 705 2609 πηδαλίου.

177 2615 429 2664 μεταστρέφω
451 2616 520 2664 (al.
539 2614 774 2664 μετατρέπω)
794 2629 800 2651 :
831 2615 883 2652 iv.
908 2616 929 2652 9
953 2616 973 2653 ὁ
993 2616 1114 2666 γέλως
1134 2617 1235 2665 ὑμῶν
1256 2617 1305 2656 εἷς
1324 2614 1458 2656 πένθος
1476 2616 1791 2665 μεταστραφήτω.

176 2670 252 2719 μὴ;
283 2670 393 2718 (with
422 2670 647 2718 imperative
662 2668 795 2719 force)
815 2669 839 2707 i.
865 2669 899 2716 7,
927 2671 988 2714 16,
1012 2670 1076 2715 22,
1097 2670 1135 2708 ii,
1164 2671 1198 2715 1,
1223 2671 1285 2714 11,
1307 2670 1362 2707 iii.
1389 2671 1422 2715 1,
1449 2671 1509 2716 14,
1532 2670 1584 2706 iv-
1610 2670 1670 2716 11,
1694 2683 1731 2707 v.
1756 2672 1792 2715 9,

290 2725 349 2760 12.

287 2778 396 2826 (with
415 2778 691 2824 ivzterroyacive
700 2775 833 2826 force)
853 2777 894 2814 ii.
921 2777 982 2819 14,
1004 2777 1061 2814 iii.
1086 2777 1150 2822 12,
1170 2777 1220 2815 cf.
1241 2778 1341 2827 μήτι.

287 2832 396 2880 (willa
416 2830 631 2881 infinitiva)
652 2833 703 2869 iv.
729 2833 764 2876 2,
789 2832 850 2878 ll,
874 2845 911 2869 v.
940 2831 1000 2869 17.
