1938 3178
70 166 112 203 V
144 163 289 216 16-20]

266 269 450 301 VULGATE.

71 360 170 391 orate
197 367 263 402 pro
290 355 462 398 inuicem,
481 358 524 389 ut
551 354 668 389 salue-

70 411 191 448 mini:
234 409 395 445 multum
437 409 537 444 enim
570 409 671 444 ualet

70 466 277 513 deprecatio
298 465 389 500 iusti
409 465 572 500 adsidua.
626 466 667 500 17

73 522 201 557 Helias
245 521 356 556 homo
406 524 481 555 erat
537 520 669 555 similis

69 577 176 612 nobis
204 576 400 624 passibilis,
431 580 467 611 et
501 576 665 610 oratione

70 633 190 668 orauit
215 636 257 667 ut
285 644 361 667 non
388 631 532 678 plueret
561 643 670 677 super

70 692 216 732 terram,
247 692 283 722 et
310 700 385 722 non
421 687 521 733 pluit
553 699 669 722 annos

70 747 144 778 tres
176 747 212 778 et
246 754 387 777 menses
421 754 511 784 sex;
557 745 599 777 18
633 747 669 777 et

71 810 197 833 rursus
215 798 344 842 orauit,
359 803 393 832 et
411 797 554 832 eaelum
567 798 673 832 dedit

70 853 240 898 pluuiam
264 857 300 887 et
322 856 418 887 terra
445 852 549 887 dedit
574 852 669 888 frue-

71 912 151 943 tum
173 920 292 943 suum.
345 911 388 943 19
416 908 560 943 Fratres
584 909 667 952 mei,

72 966 103 1000 si
137 965 219 1011 quis
252 976 297 998 ex
345 964 449 998 uobis
492 964 671 998 errauerit

71 1034 93 1056 a
109 1020 263 1055 ueritate
283 1024 318 1054 et
344 1020 565 1055 conuerterit
591 1021 673 1066 quis

72 1089 168 1120 eum,
209 1079 255 1111 20
298 1076 388 1110 scire
434 1076 543 1111 debet
583 1088 670 1123 quo-

71 1133 173 1168 niam
214 1132 279 1178 qui
330 1132 495 1166 conuerti
547 1132 675 1167 fecerit

73 1192 299 1235 peecatorem
317 1187 363 1222 ab
387 1199 506 1222 errore
527 1187 604 1222 uiae
622 1189 668 1233 (a)

74 1256 172 1290 suae,
212 1243 372 1278 saluabit
408 1244 471 1288 (β)
514 1244 675 1278 animam

74 1301 153 1335 eius
182 1311 203 1333 a
232 1303 348 1333 morte
377 1303 412 1333 et
442 1300 602 1345 cooperit
623 1301 670 1346 (γ)

75 1354 355 1389 multitudinem
379 1360 671 1400 peccatorum.—

75 1412 259 1445 EXPLICIT
301 1410 494 1445 EPISTULA
534 1410 674 1445 JACOBI

75 1476 266 1502 APOSTOLI.

108 1549 150 1580 (α)
168 1549 226 1574 MS.
240 1550 328 1573 uitae.

109 1583 152 1614 (β)
170 1583 199 1607 F.
213 1583 349 1607 saluauit.

109 1617 150 1651 (Ὺ)
167 1617 249 1648 Spec.
264 1618 335 1648 Aug.
349 1615 403 1641 aud
419 1616 448 1641 F.
462 1616 561 1647 operit.

635 163 809 200 LATIN
839 164 1115 202 VERSIONS

861 268 1008 300 CORBEY
1031 268 1101 301 MS.

703 358 802 389 orate
821 366 886 400 pro
913 355 1092 389 alterutro
1114 359 1155 389 ut
1172 355 1299 389 remit-

705 413 804 444 tatur
831 410 962 447 uobis:
990 411 1150 445 multum
1182 414 1302 456 potest

702 465 834 510 petitio
868 465 955 500 iusti
1001 465 1183 512 frequens.
1256 467 1297 501 17

703 520 833 555 Helias
851 521 961 555 homo
980 526 1057 556 erat
1084 521 1217 556 similis
1235 533 1298 555 no-

698 576 765 619 bis,
787 581 823 610 et
841 577 1005 611 oratione
1024 577 1143 611 orauit
1161 580 1203 611 ut
1220 589 1296 611 non

703 632 858 678 plueret,
878 637 913 667 et
930 645 1005 667 non
1029 633 1128 679 pluit
1145 633 1185 667 in
1202 637 1300 667 terra

701 688 808 723 annis
825 688 944 723 tribus
964 693 999 724 et
1021 688 1208 724 mensibus
1227 701 1299 724 sex.

705 746 749 777 18
768 743 839 778 Sed
856 744 991 779 iterum
1019 745 1148 788 orauit,
1169 749 1205 779 et
1224 756 1298 779 cae-

705 798 784 832 lum
803 799 906 833 dedit
924 800 1125 845 planiam?
1143 805 1178 834 et
1204 804 1300 835 terra

704 854 928 897 germinauit
939 854 1102 889 fructum
1117 867 1235 890 suum.
1258 858 1302 890 19

702 909 848 944 Fratres
872 911 944 944 mei
972 911 1002 945 si
1026 911 1108 957 quis
1133 924 1177 946 ex
1196 912 1303 946 uobis

703 966 881 1000 errauerit
898 978 919 1001 a
936 966 1090 1001 ueritate
1112 971 1148 1001 et
1165 967 1300 1013 aliquis

707 1033 791 1056 eum
844 1023 1092 1067 reuocauerit3
1152 1026 1198 1058 20
1240 1023 1303 1069 qui

705 1079 933 1113 reuocauerit
950 1082 1175 1124 peccatorem
1190 1079 1234 1113 de
1249 1091 1303 1113 er-

708 1134 800 1168 roris
828 1135 899 1178 uia,
922 1135 1040 1169 saluat
1068 1135 1231 1169 animani
1259 1135 1303 1170 de

706 1193 824 1224 morte
842 1201 906 1224 sua
923 1194 959 1224 et
977 1190 1114 1234 operiet
1133 1190 1302 1224 multitu—

710 1244 833 1279 dinem
888 1246 1035 1292 peccati.
1055 1267 1099 1270 —
1119 1246 1304 1279 EXPLICIT

707 1300 900 1335 EPISTOLA
917 1301 1058 1336 JACORI
1083 1311 1177 1335 FILII
1206 1301 1302 1334 ΖΔΕ-

707 1366 834 1391 BEDEI.

743 1442 755 1455 α
774 1437 829 1462 MS.
844 1438 987 1469 pluuium.

1633 167 1654 191 c)

1632 189 1653 202 ..A

1355 268 1550 300 SPECULUM
1575 277 1651 300 ΛΝΒ

1388 312 1634 343 PRISCILLIAN.

1660 166 1681 203 7
