1938 3178
64 143 109 179 Π
131 141 252 194 9-18]

263 248 447 279 VULGATE.

60 337 81 369 9
107 334 137 368 si
154 338 275 369 autem
292 346 462 380 personas
475 334 648 380 accipitis,

59 394 248 436 peccatum
282 390 493 436 operamini,
529 390 648 424 redar-

58 445 138 490 guti
166 456 187 479 a
214 445 291 491 lege
324 446 428 491 quasi
454 449 647 491 transgres-

58 512 163 535 sores.
211 504 254 536 10
279 501 508 547 Quicumque
525 505 647 535 autem

57 559 172 590 totam
204 556 320 602 legem
353 557 561 600 seruauerit,
596 556 648 590 of-

57 611 183 646 fendat
207 616 329 646 autem
358 613 398 646 in
426 624 510 655 uno,
532 611 648 646 factus

57 670 110 701 est
137 667 301 701 omnium
329 679 421 702 reus.
497 670 537 701 11
574 667 646 710 Qui

56 722 155 756 enim
172 722 269 757 dixit
287 723 372 757 Non
389 722 643 766 moechaberis,

56 778 153 812 dixit
181 782 217 813 et
246 778 331 812 Non
358 779 517 813 occides:
545 779 644 824 quod

56 834 87 867 si
115 845 189 868 non
218 834 472 878 moechaberis,
507 834 645 868 occides

55 894 188 933 autem,
206 889 323 924 factus
345 902 382 924 es
406 894 645 935 transgressor

55 944 153 990 legis.
208 948 250 980 12
285 945 345 980 Sic
377 945 576 991 loquimini
608 950 645 980 et

55 1001 105 1035 sic
142 1001 258 1044 facite,
298 1002 392 1036 sicut
428 1013 492 1047 per
527 1001 643 1047 legem

53 1056 233 1091 libertatis
246 1057 462 1103 incipientes
474 1057 642 1091 iudicari:

57 1115 100 1146 13
117 1112 295 1146 iudicium
307 1113 405 1146 enim
417 1113 494 1147 sine
506 1113 643 1147 miseri-

54 1168 175 1202 cordia
191 1167 250 1202 illi
273 1169 338 1214 qui
358 1180 432 1202 non
454 1168 580 1203 fecerit
593 1169 641 1214 (a)

54 1223 347 1267 misericordiam,
438 1224 643 1270 superexal-

52 1283 106 1313 tat
122 1279 173 1324 (β)
192 1283 314 1313 autem
327 1279 572 1314 misericordia
587 1281 642 1314 iu-

52 1334 157 1369 dicio.
248 1338 292 1369 14
332 1335 430 1378 Quid
470 1336 641 1382 proderit,

52 1390 180 1440 fratres
193 1391 275 1434 mei,
289 1391 320 1425 si
333 1391 442 1425 fidem
453 1392 535 1437 quis
545 1392 642 1427 dicat

52 1457 88 1479 se
112 1445 254 1489 habere,
285 1458 392 1492 opera
416 1451 538 1481 autem
567 1459 640 1482 non

51 1500 201 1536 habeat?
215 1502 397 1548 numquid
408 1503 541 1548 poterit
552 1503 640 1538 fides

51 1556 190 1592 saluare
215 1558 331 1592 eum?
381 1561 423 1592 15
452 1558 492 1592 Si
517 1564 638 1593 autem

51 1611 162 1646 frater
181 1617 245 1646 aut
265 1624 364 1647 soror
384 1613 476 1647 nudi
496 1613 570 1648 sint
589 1614 638 1660 (γ)

50 1673 86 1702 01
122 1668 310 1714 indigeant
324 1669 372 1716 (γ)
416 1669 518 1704 uictu
551 1670 639 1704 coti-

49 1724 168 1767 diano,
230 1727 272 1759 16
298 1725 394 1759 dicat
427 1729 547 1759 autem
573 1725 638 1760 ali-

50 1779 132 1825 quis
169 1780 213 1814 de
252 1780 356 1814 uobis
394 1780 469 1815 illis
505 1781 560 1816 Ite
598 1782 638 1816 in

48 1847 144 1881 pace,
179 1835 416 1870 caleficamini
430 1838 475 1881 (δ)
511 1842 547 1871 01
585 1850 637 1872 sa-

48 1891 234 1934 turamini,
246 1903 320 1925 non
331 1891 502 1927 dederitis
515 1897 637 1928 aut-em

49 1947 101 1982 eis
127 1959 218 1993 quae
242 1949 440 1983 necessaria
460 1953 546 1983 sunt
563 1961 637 1983 cor-

47 2003 145 2049 poris
158 2003 213 2048 (e),
244 2003 333 2049 quid
358 2004 543 2050 proderit?
594 2006 636 2041 17

47 2058 108 2093 Sic
125 2062 161 2093 et
179 2058 277 2102 fides,
300 2059 330 2093 si
353 2071 428 2094 non
444 2059 576 2095 habeat
589 2061 635 2106 (ζ)

47 2126 164 2160 opera,
193 2118 337 2149 mortua
368 2119 422 2149 est
453 2116 493 2150 in
526 2121 638 2151 semet

46 2171 125 2216 ipsa
140 2171 198 2214 (η).
263 2173 306 2205 18
341 2171 412 2205 Sed
444 2172 540 2207 dicet
572 2172 637 2207 ali-

47 2226 192 2272 0111316)
228 2226 286 2260 Τ11
315 2226 425 2261 fidem
453 2227 574 2272 habes,
602 2232 638 2263 et

82 2317 125 2350 (α)
143 2318 173 2344 F.
182 2318 265 2351 fecit.

79 2352 122 2383 (β)
140 2352 171 2378 F.
186 2353 318 2379 -eaeultat.

79 2386 121 2419 (γ)
139 2385 169 2412 F.
185 2387 426 2419 aunt...indiyent.

79 2419 119 2450 (δ)
137 2420 167 2445 F.
182 2420 338 2452 -ficiemini,

79 2453 117 2484 (ε)
135 2453 164 2479 F.
181 2455 302 2485 corpori.

79 2487 120 2518 (ς)
138 2487 168 2512 F.
185 2488 277 2514 habet.

80 2520 122 2552 (η)
140 2521 169 2546 F.
185 2522 284 2552 ipsam.

79 2554 119 2586 (θ)
138 2555 167 2580 F.
183 2557 254 2587 quis.

628 144 802 181 LATIN
833 146 1107 185 VERSIONS

858 249 1004 281 Connmr
1025 251 1095 282 Ms.

683 336 704 368 9
739 334 779 368 Si
813 340 935 369 autem
976 348 1145 382 personas
1181 337 1271 372 acci-

682 389 780 434 pitis,
808 396 996 436 peccatum
1022 393 1233 438 operamini,
1253 405 1273 427 a

682 443 760 489 lege
777 445 935 479 traducti
957 450 1133 492 tanquam
1157 451 1272 481 trans-

682 510 865 543 gressores.
903 503 946 535 10
964 500 1036 543 Qui
1047 502 1146 535 enim
1157 506 1272 536 totam

681 554 797 599 legem
830 557 1039 600 seruauerit,
1069 558 1273 603 peccauerit

681 614 803 644 autem
826 611 866 645 in
891 623 974 654 uno,
993 611 1109 647 factus
1126 617 1179 647 est
1197 625 1271 647 om-

680 666 785 700 nium
826 678 916 701 reus.
985 671 1024 702 11
1070 668 1165 703 Nam
1207 670 1271 715 qui

679 721 785 765 dixit,
805 722 890 756 Non
908 723 1160 767 moechaberis,
1175 725 1272 759 dixit

678 782 724 820 et,
754 778 839 812 Non
868 779 1015 814 occides.
1075 780 1115 814 Si
1148 786 1270 815 autem

679 844 753 866 non
802 834 1056 878 moechaberis,
1099 836 1270 871 occideris

678 893 810 932 autem,
823 889 939 924 factus
956 902 992 925 es
1003 897 1018 913 ³
1031 896 1270 937 transgressor

678 943 777 989 legis.
834 948 876 979 12
911 945 971 979 Sic
1004 945 1202 992 loquimini
1234 952 1270 982 et

678 999 728 1033 sic
753 999 859 1034 facite
882 1001 986 1046 quasi
1003 1013 1024 1036 a
1040 1001 1117 1047 lege
1138 1002 1268 1037 libera-

678 1055 793 1090 litatis
842 1057 1021 1091 iudicium
1074 1063 1266 1104 sperantes.

681 1114 723 1145 13
774 1111 958 1146 Iudicium
1011 1118 1133 1148 autem
1194 1126 1268 1149 non

678 1166 910 1201 miserebitur
973 1168 1006 1202 ei
1070 1169 1135 1214 qui
1194 1181 1267 1203 non

678 1221 764 1255 fecit
806 1222 1101 1267 misericordiam,
1145 1236 1267 1271 super-

676 1277 852 1322 gloriatur
898 1283 1020 1313 autem
1068 1280 1266 1314 misericor-

675 1332 736 1366 dia
792 1333 981 1369 iudicium.
1070 1338 1113 1370 14
1169 1336 1267 1379 Quid

675 1388 821 1434 prodest
856 1389 984 1424 fratres
1017 1391 1089 1425 mei
1121 1392 1152 1426 si
1185 1392 1267 1438 quis

674 1444 771 1479 dicat
797 1456 832 1479 se
859 1445 969 1480 fidem
998 1446 1139 1491 habere,
1159 1459 1266 1493 opera

674 1504 796 1534 autem
814 1512 887 1534 non
904 1500 1035 1536 habeat
1047 1502 1059 1536 2
1084 1503 1266 1548 numquid

673 1559 792 1601 potest
809 1555 897 1590 fides
914 1568 998 1591 eum
1017 1557 1092 1592 sola
1106 1557 1266 1593 saluare?

677 1613 718 1644 15
746 1611 832 1645 81110
846 1611 958 1646 frater
970 1613 1047 1647 siue
1061 1625 1161 1648 soror
1173 1614 1266 1648 nudi

673 1669 756 1711 sint,
779 1673 815 1703 et
840 1669 933 1704 desit
958 1670 1008 1704 eis
1034 1671 1153 1705 uictus
1179 1672 1264 1706 coti-

673 1723 814 1768 dianus,
867 1728 909 1760 16
935 1726 1032 1760 dicat
1049 1731 1170 1761 autem
1188 1727 1265 1762 illis

673 1791 716 1813 ex
743 1781 873 1815 uestris
894 1781 1038 1827 aliquis,
1065 1782 1200 1817 Uadite
1226 1784 1265 1818 in

672 1847 768 1881 pace,
788 1836 897 1871 calidi
917 1842 1029 1872 estote
1054 1842 1090 1872 et
1115 1839 1239 1873 satulli
1256 1853 1264 1882 ;

673 1903 747 1926 non
775 1892 916 1927 dederit
944 1898 1066 1929 autem
1095 1895 1170 1929 illis
1199 1895 1264 1930 ali-

672 1952 838 1983 mentum
880 1950 1065 1996 corporis3
1103 1952 1192 1997 quid
1229 1956 1265 1986 et

672 2005 843 2050 prodest?
895 2006 936 2041 17
967 2006 1027 2041 Sic
1056 2011 1092 2041 et
1117 2007 1214 2051 fides,
1234 2009 1264 2042 si

672 2071 747 2094 non
764 2060 895 2095 habeat
916 2073 1032 2107 opera,
1050 2067 1194 2098 mortua
1211 2068 1264 2098 est

673 2115 757 2150 sola.
810 2118 853 2150 18
887 2116 958 2151 Sed
990 2117 1086 2152 dicet
1118 2118 1261 2165 aliquis,

675 2170 731 2204 Tu
751 2183 897 2217 operam
908 2171 924 2194 b
943 2172 1063 2217 habes,
1078 2185 1142 2220 ego
1153 2174 1262 2209 fidem

706 2267 720 2281 a
738 2263 796 2291 MS.
812 2266 859 2290 est.

707 2295 722 2315 b
741 2298 806 2323 Sab.
824 2305 921 2330 opera.

1615 157 1658 191 11

1337 254 1531 287 SPECULUM
1558 266 1633 288 Axi»

1360 298 1606 332 PnlsmLLIAN.

1354 640 1489 675 11—13
1524 641 1593 684 (W.
1627 654 1660 688 p.

1305 697 1387 740 411)
1414 695 1598 730 Iudicium
1628 710 1661 731 0-

1305 751 1382 785 111111
1413 751 1489 785 31110
1525 752 1661 786 miseri-

1305 807 1425 840 cordia
1439 807 1471 840 ei
1481 808 1491 827 ¹
1510 808 1574 852 qui
1588 819 1662 841 non

1304 861 1389 896 fecit
1423 863 1661 897 misericordi-

1303 928 1382 959 am3
1403 918 1575 963 quoniam
1594 919 1660 952 mi-

1303 973 1493 1007 sericordia
1506 974 1659 1019 praefer-

1303 1032 1363 1062 tur
1404 1029 1548 1063 iudicio.
1617 1033 1659 1064 14

1303 1084 1401 1126 Quid
1450 1085 1560 1130 prode
1606 1090 1660 1119 031

1269 1164 1277 1173 .
1302 1139 1440 1183 fratres,
1479 1141 1508 1173 si
1550 1140 1659 1174 fidem

1302 1195 1486 1240 quisdicat
1498 1196 1537 1229 in
1548 1201 1660 1230 semet

1301 1251 1379 1297 ipso
1390 1263 1544 1294 manere,
1553 1263 1660 1297 opera

1301 1309 1423 1338 autem
1450 1317 1524 1339 non
1550 1305 1658 1339 habe-

1301 1359 1358 1394 at?
1392 1359 1585 1405 Numquid
1596 1372 1658 1406 po-

1301 1418 1371 1449 test
1392 1415 1479 1449 fides
1501 1415 1574 1449 sola
1591 1416 1658 1450 sal-

1301 1481 1386 1504 uare
1400 1470 1505 1504 eum?
1550 1473 1591 1504 15
1618 1471 1659 1505 Si

1300 1525 1411 1559 frater
1451 1530 1514 1559 aut
1561 1538 1659 1560 soror

1300 1581 1392 1614 nudi
1438 1580 1575 1615 fuerint
1623 1587 1658 1616 01

1299 1637 1457 1671 defuerit
1491 1638 1541 1671 eis
1571 1639 1657 1672 coti-

1300 1693 1430 1727 dianus
1448 1694 1548 1727 cibus
1565 1706 1572 1735 ;
1615 1698 1656 1729 16

1300 1749 1396 1783 dicat
1437 1754 1558 1783 autem
1603 1751 1654 1784 eis

1299 1803 1432 1848 aliquis
1468 1808 1655 1838 uestrum:

1300 1858 1356 1892 Ite
1373 1859 1413 1892 in
1431 1870 1515 1904 pace
1541 1863 1576 1893 et
1602 1871 1655 1894 ca-

1298 1914 1497 1948 lefacimini
1505 1919 1540 1949 et
1551 1916 1654 1949 satie-

1299 1970 1402 2013 mini,
1431 1974 1467 2003 et
1495 1982 1569 2004 non
1594 1971 1656 2005 det

1298 2025 1348 2059 eis
1366 2025 1563 2059 necessaria
1580 2037 1654 2060 cor-

1297 2080 1404 2126 poris,
1429 2080 1519 2126 quid
1543 2081 1655 2126 prode

1297 2140 1350 2170 est
1390 2136 1476 2170 haec
1521 2137 1654 2171 dixisse

1296 2191 1347 2225 eis
1364 2191 1375 2225 ’Ζ
1442 2193 1483 2226 17
1526 2191 1586 2226 810
1618 2197 1655 2226 01

1296 2246 1385 2281 fides
1399 2258 1490 2292 quae
1504 2258 1577 2281 non
1591 2247 1653 2282 ha-

1295 2301 1357 2336 bet
1377 2314 1492 2348 opera,
1512 2307 1654 2338 mortua

1296 2361 1348 2391 est
1366 2358 1458 2392 circa
1475 2370 1520 2393 se.

1329 2444 1339 2463 1
1360 2445 1386 2471 S.
1404 2446 1453 2471 711'3.
