1938 3178
190 163 267 200 238
642 158 827 195 INDEX
857 157 924 194 OF
954 155 1148 193 GREEK
1179 154 1380 193 WORDS

192 268 423 317 ὁλόκληρος;
456 266 479 303 i.
504 265 527 301 4
550 265 607 303 ἵνα
626 263 691 312 ἦτε
710 263 847 301 τέλειοι
867 262 927 299 καὶ
947 260 1162 309 ὁλόκληροι.

192 337 220 360 c.
243 322 413 369 ὀλολύζω
431 336 438 358 ;
471 334 505 358 v.
533 320 548 355 1
575 319 766 356 κλαύσατε
787 317 1032 364 ὀλολύζοντες
1051 315 1112 353 ἐπὶ
1130 316 1210 354 ταῖς
1229 313 1506 363 ταλαιπωρίαις.

193 377 304 417 ὅλοςῖ
335 376 373 412 ii.
401 376 449 412 10
470 375 560 412 ὅλον
579 374 643 410 τὸν
662 373 788 421 νόμον,
809 371 864 408 iii.
886 371 921 413 2,
945 371 981 413 3,
1005 371 1026 405 6
1049 369 1140 407 ὅλον
1159 369 1201 406 τὸ
1221 371 1343 417 σῶμα.

194 431 317 480 ὀμνύω
335 445 341 466 :
374 442 411 466 V.
438 430 485 465 12
508 428 579 477 πρὸ
600 427 747 464 πάντων
768 425 805 462 δὲ
824 425 878 474 μὴ
899 425 1062 473 ὀμνύετε.

194 484 425 533 ὁμοιοπαθής
443 497 450 520 :
481 496 517 520 V.
545 482 590 520 17
613 480 747 520 (Ηλίας
767 480 961 528 ἄνθρωπος
979 479 1025 528 ἦν
1044 477 1276 528 ὁμοιοπαθὴς
1290 477 1390 526 ἡμῖν.

194 540 330 589 ὁμοίως
349 553 355 575 :
386 539 423 575 ii.
450 538 498 574 25
522 536 657 586 ὁμοίως
677 535 715 572 δὲ
736 535 797 572 καὶ
816 533 949 582 Ῥαάβ.

193 608 222 631 c.
247 593 426 642 ὁμοίωσις
444 607 450 630 ;
481 592 537 628 iii.
561 592 582 627 9
605 590 690 630 τοὺς
711 587 791 627 καθ’
811 588 991 637 ὁμοίωσιν
1010 589 1106 624 Θεοῦ
1125 587 1338 638 γεγονότας.

195 647 356 695 ὀνειδίζω
373 661 380 683 ;
411 647 436 682 i.
455 646 478 682 5
500 647 566 684 τοῦ
585 646 680 681 Θεοῦ
699 644 752 693 μὴ
773 642 1020 690 ὀνειδίζοντος.

195 703 334 751 ὄνομαῖ
364 702 402 737 ii.
429 701 450 738 7
471 701 514 738 τὸ
535 699 651 737 καλὸν
671 699 789 746 ὄνομα
809 697 851 734 τὸ
882 697 1080 745 ἐπικληθὲν
1111 694 1172 745 ἐφ’
1191 697 1296 745 ὑμᾶς,
1316 709 1354 732 V.
1379 694 1428 731 10
1461 694 1656 742 ἐλάλησαν
1690 696 1728 732 ἐν
1759 695 1810 745 τῷ

304 756 458 805 ὀνόματι
480 755 632 804 Κυρίου,
653 766 689 789 V.
716 752 765 788 14
786 751 1008 802 ἀλείψαντες
1028 753 1066 788 ἐν
1084 753 1135 802 τῷ
1154 751 1309 800 ὀνόματι
1329 749 1412 801 (τοῦ
1433 748 1603 799 Κυρίου).

195 811 269 859 ὀπή
286 824 293 847 ;
322 811 378 846 iii.
405 811 449 846 11
473 811 496 859 ἡ
516 809 620 859 πηγὴ
641 811 680 845 ἐκ
698 809 764 856 τῆς
783 808 895 856 αὐτῆς
915 807 1016 855 ὀπῆς.

195 866 346 905 ὃποῖοςῖ
376 865 400 901 i.
426 864 476 900 24
498 863 629 903 εὐθέως
649 862 853 899 ἐπελάθετο
872 862 1000 900 ὁποῖος
1019 859 1074 908 ἢν.

195 919 289 956 ὅπου
307 932 314 955 :
345 919 401 956 iii.
426 919 449 954 4
471 918 602 966 ὅπουὴ
624 917 721 966 ὁρμὴ
741 916 934 964 βούλεται,
959 915 1014 951 iii.
1042 915 1088 951 16
1111 914 1206 952 ὅπου
1226 916 1338 963 ζῆλος
1359 914 1434 950 ἐκεῖ
1451 910 1725 949 ἀκαταστασία.

195 974 316 1012 ὅπωςῑ
346 987 382 1010 V.
409 974 456 1009 16
481 972 636 1023 εὔχεσθε
656 971 753 1011 ὅπως
774 971 910 1018 ἰαθῆτε.

196 1029 320 1078 ὁράω;
348 1028 387 1064 ii.
412 1028 462 1064 24
484 1029 594 1076 ὁρᾶτε
614 1026 671 1063 ὅτι
691 1025 733 1070 ἐξ
765 1025 882 1075 ἔργων
913 1023 1126 1068 δικαιοῦται,
1148 1036 1184 1061 V.
1212 1023 1256 1059 11
1291 1022 1335 1060 τὸ
1368 1021 1478 1061 τέλος
1511 1020 1654 1071 Κυρίου
1687 1019 1810 1058 εἴδετε.

305 1082 377 1119 See
397 1082 462 1127 ἴδε,
480 1081 569 1125 ἰδού,
591 1080 628 1118 οἷ
649 1098 682 1117 α.

195 1137 290 1188 ὀργή
309 1151 315 1173 :
355 1137 379 1173 i.
418 1138 464 1173 19
486 1135 628 1185 βραδὺς
660 1136 709 1175 εἰς
730 1132 857 1185 ὀργήν,
888 1132 912 1170 i.
946 1134 996 1170 20
1019 1133 1113 1183 ὀργὴ
1133 1133 1206 1183 γὰρ
1226 1130 1356 1181 ἀνδρὸς
1377 1129 1614 1178 δικαιοσύνην
1632 1130 1728 1166 Θεοῦ
1748 1130 1814 1166 οὐκ

306 1191 509 1242 ἐργάζεται,

196 1245 329 1295 ὅρκοςῑ
359 1259 396 1282 V.
422 1246 470 1282 12
491 1245 586 1294 μήτε
601 1244 722 1281 ἄλλον
741 1243 823 1281 τινὰ
843 1242 954 1291 ὅρκον
975 1239 1176 1292 (ὀμνύετε).

197 1300 296 1349 ὁρμή
314 1314 321 1336 2
352 1299 408 1337 iii.
432 1300 456 1336 4
476 1301 499 1349 ἡ
520 1299 618 1349 ὁρμὴ
637 1301 704 1336 τοῦ
725 1298 950 1337 εὐθύνοντος.

198 1355 260 1395 ὄς;
283 1355 306 1392 i.
335 1355 396 1399 12,
420 1354 480 1398 17,
501 1354 541 1391 ii.
565 1356 601 1398 5,
624 1353 675 1390 iv.
699 1354 735 1397 5,
756 1365 793 1388 V.
822 1352 892 1398 103
915 1350 972 1401 (ὃς
992 1349 1072 1401 ἐάν)
1093 1350 1145 1387 iv.
1171 1350 1204 1387 4.
1266 1349 1338 1386 See
1360 1362 1395 1398 p.
1418 1348 1539 1385 clxix.

199 1409 304 1449 ὅστις
323 1423 329 1445 :
359 1409 399 1446 ii.
426 1410 474 1446 10
499 1408 604 1448 ὅστις
625 1408 716 1445 ὅλον
735 1407 800 1445 τὸν
819 1407 935 1455 νόμον
953 1406 1114 1456 τηρήσῃ,
1136 1405 1188 1442 iv.
1215 1404 1262 1440 14
1285 1404 1416 1443 οἵτινες
1435 1405 1501 1441 οὐκ
1535 1401 1744 1441 ἐπίστασθε
1772 1401 1815 1439 τὸ

307 1465 373 1513 τῆς
392 1464 529 1513 αὔριον.

200 1518 312 1556 ὅτανί
343 1520 367 1555 i.
392 1520 413 1554 2
436 1518 526 1555 ὅταν
545 1517 770 1566 πειρασμοῖς
789 1514 1026 1565 περιπέσητε.
1086 1513 1158 1550 See
1178 1526 1241 1562 pp.
1264 1512 1444 1556 clxxviii,
1466 1511 1675 1549 clxxxviii.

201 1573 283 1610 ὅτι;
318 1572 454 1609 ‘that’
483 1572 591 1608 after
620 1571 866 1621 γινώσκοντες
895 1569 918 1606 i.
945 1570 978 1614 3,
1002 1568 1139 1606 οἰέσθω
1159 1568 1183 1604 i.
1209 1567 1243 1611 7,
1265 1567 1408 1618 λεγέτω
1427 1568 1451 1604 i.
1479 1567 1538 1612 13,
1560 1565 1750 1606 πιστεύεις
1774 1565 1814 1602 ii.

314 1627 375 1671 19,
394 1629 530 1677 γνῶναι
558 1625 598 1662 ii.
624 1626 684 1671 20,
710 1625 867 1672 βλέπεις
888 1624 927 1660 ii.
952 1624 1014 1666 22,
1038 1624 1148 1672 ὁρᾶτε
1167 1622 1206 1658 ii.
1232 1622 1294 1666 24,
1316 1620 1452 1661 εἰδότες
1471 1620 1527 1657 iii.
1553 1622 1586 1668 1,
1609 1620 1732 1658 οἴδατε
1761 1619 1815 1656 iv.

311 1682 347 1725 4,
371 1680 510 1719 δοκεῖτε
529 1680 581 1716 iV.
606 1680 642 1724 5,
662 1680 705 1717 τὸ
724 1679 834 1719 τέλος
854 1677 965 1716 εἴδετε
985 1691 1021 1714 V.
1049 1678 1109 1721 11,
1131 1677 1331 1727 γινώσκετε
1352 1689 1388 1712 V.
1413 1676 1463 1712 20
1481 1688 1492 1722 3

257 1741 265 1757 ‘
281 1736 448 1772 because
466 1735 473 1749 ’
488 1735 512 1772 i.
532 1735 580 1771 10
595 1734 797 1784 καυχάσθω
812 1736 850 1771 ἐν
861 1730 909 1783 τῇ
920 1731 1153 1776 ταπεινώσει,
1168 1730 1225 1768 ὅτι
1236 1730 1518 1778 παρελεύσεται,
1534 1728 1556 1767 i.
1578 1729 1625 1765 12
1639 1728 1820 1778 μακάριος

311 1791 352 1830 ὃς
370 1789 554 1840 ὑπομένει,
571 1789 627 1826 ὅτι
642 1789 833 1838 λήμψεται
852 1788 916 1825 τὸν
937 1786 1137 1835 στέφανον,
1154 1785 1178 1821 i.
1203 1785 1253 1821 23
1273 1785 1326 1834 μὴ
1347 1784 1537 1834 ἀκροαταὶ,
1559 1783 1617 1821 ὅτι
1635 1783 1821 1833 ἀκροατὴς

313 1845 427 1882 ἔοικεν
464 1843 568 1893 ἀνδρὶ
610 1845 848 1880 κατανοοῦντι
886 1844 1009 1885 κ.τ.λ.,
1048 1853 1084 1876 V.
1128 1841 1151 1876 8
1186 1839 1388 1889 στηρίξατε
1420 1839 1486 1879 τὰς
1519 1837 1679 1888 καρδίας,
1711 1837 1769 1875 ὅτι
1795 1837 1819 1886 ἡ

310 1898 501 1948 παρουσία
520 1898 683 1948 ἤγγικεν.
742 1898 814 1934 See
836 1909 871 1946 p.
894 1895 1072 1932 clxxviii.

205 1954 269 1992 013:
299 1967 336 1990 V.
365 1954 411 1990 12
433 1953 475 1990 τὸ
496 1953 555 1991 ναὶ
574 1952 644 1996 ναί,
668 1952 728 1989 καὶ
747 1952 790 1989 τὸ
809 1949 851 1988 οὒ
871 1951 924 1988 οὔ.
984 1950 1056 1986 See
1077 1962 1110 1998 p.
1135 1948 1283 1985 clxxix.

204 2008 348 2048 οὗδείςε
380 2008 405 2044 i.
432 2008 480 2044 13
514 2007 678 2056 πειράζει
697 2005 736 2044 δὲ
755 2006 865 2046 αὐτὸς
885 2003 1025 2048 οὐδένα,
1046 2004 1101 2040 iii.
1126 2003 1149 2039 8
1183 2003 1251 2052 τὴν
1281 2004 1468 2053 γλῶσσαν
1502 2000 1619 2042 οὐδεὶς
1653 2000 1821 2050 δαμάσαι

315 2062 474 2099 δύναται.

205 2117 294 2156 οὗνῑ
324 2117 374 2153 iV.
400 2116 423 2152 4
445 2115 484 2156 ὃς
519 2117 581 2152 ἐὰν
601 2113 664 2152 οὖν
683 2114 871 2164 βουληθῇ,
894 2112 946 2150 iv.
972 2112 993 2151 7
1024 2112 1236 2162 ὑποτάγητε
1266 2109 1329 2148 οὖν
1359 2112 1410 2162 τῷ
1438 2111 1530 2161 Θεῷ,
1550 2110 1604 2147 iv.
1630 2110 1678 2148 17
1709 2108 1821 2147 εἰδότι

315 2170 389 2215 οὖν,
409 2183 445 2207 V.
472 2169 493 2208 7
514 2169 833 2219 μακροθυμήσατε
853 2167 927 2211 οὖν,
950 2180 986 2204 V.
1014 2168 1060 2203 16
1083 2165 1377 2215 ἐξομολογεῖσθε
1398 2163 1471 2203 οὖν.

206 2225 360 2275 οὐρανός
379 2238 385 2261 :
415 2237 452 2261 V.
474 2225 521 2260 12
542 2224 595 2273 μὴ
617 2224 769 2273 ὀμνύετε
787 2223 882 2272 μήτε
901 2221 966 2259 τὸν
986 2221 1141 2271 οὐρανὸν
1159 2220 1254 2270 μήτε
1273 2220 1341 2269 τὴν
1371 2221 1452 2270 γῆν,
1474 2231 1511 2255 V.
1532 2218 1581 2254 18
1616 2219 1636 2255 ὃ
1668 2217 1822 2267 οὐρανὸς

315 2279 420 2316 ὑετὸν
441 2278 580 2316 ἔδωκεν.

207 2333 268 2374 οὖς
288 2347 294 2370 :
327 2346 362 2370 V.
387 2333 410 2369 4
432 2335 482 2372 εἷς
500 2334 547 2370 τὰ
567 2331 642 2369 ὦτα
662 2331 804 2381 Κυρίου
825 2330 1084 2379 εἰσελήλυθαν.

207 2389 290 2426 οὕτε
320 2387 401 2437 (for
421 2386 520 2434 οὐδέ)
539 2400 545 2422 :
567 2386 621 2422 iii.
649 2386 696 2422 12
719 2386 802 2423 οὔτε
822 2385 961 2422 ἁλυκὸν
980 2383 1100 2434 γλυκὺ
1119 2385 1277 2432 ποιῆσαι
1296 2382 1401 2432 ὕδωρ.

207 2441 339 2481 οὗτοςε
369 2442 394 2477 i.
419 2442 481 2484 23,
506 2442 568 2483 25,
592 2440 655 2483 26,
679 2440 741 2484 27,
762 2440 816 2476 iii.
842 2440 877 2483 2,
903 2440 963 2483 10,
990 2439 1050 2482 15,
1072 2438 1124 2475 iv.
1152 2438 1212 2474 15.
1272 2437 1344 2474 See
1365 2450 1400 2486 p.
1423 2435 1573 2473 clxviii.

208 2497 346 2536 οὕτωςε
378 2494 509 2545 (οὕτως
536 2495 596 2531 καὶ
616 2494 725 2530 after
754 2491 1022 2543 comparison)
1053 2493 1077 2529 i.
1104 2492 1165 2536 11,
1185 2492 1224 2528 ii.
1250 2491 1312 2535 17,
1335 2491 1398 2535 26,
1420 2490 1476 2527 iii.
1499 2491 1522 2527 5
1542 2503 1552 2536 3
1572 2489 1612 2526 ii.
1638 2489 1686 2525 12
1708 2488 1824 2529 οὕτως

315 2551 467 2587 λαλεῖτε
501 2549 561 2586 καὶ
595 2549 710 2588 οὕτως
742 2550 880 2585 ποιεῖτε
914 2549 959 2588 ὡς
991 2547 1198 2596 μέλλοντες
1217 2548 1339 2592 κ.τ.λ.,
1362 2545 1418 2582 iii.
1444 2545 1493 2582 10
1525 2545 1568 2582 οὗ
1600 2544 1675 2594 χρὴ
1707 2545 1824 2581 ταῦτα

212 2653 215 2657 .
316 2604 431 2644 οὕτως
448 2603 628 2654 γίνεσθαι.

209 2658 348 2707 ὄφελος
367 2671 374 2694 t
404 2658 444 2694 ii.
471 2657 531 2699 14,
553 2657 592 2693 ii.
619 2656 666 2692 16
687 2656 726 2693 τί
744 2655 819 2705 (τὸ)
841 2656 1005 2704 ὄφελος,-

208 2726 237 2750 c.
261 2713 396 2763 ὄψιμος
415 2725 422 2748 2
451 2725 488 2748 V.
514 2710 535 2749 7
557 2711 661 2749 ὑετὸν
680 2711 840 2759 πρόϊμον
861 2710 921 2747 καὶ
942 2710 1088 2760 ὄψιμον.
