1938 3178
261 125 401 165 clxxiv
679 127 795 166 THE
825 127 1054 167 EPISTLE
1083 127 1150 166 OF
1179 128 1250 167 ST.
1282 128 1468 168 JAMES

260 233 430 288 ἐριθίαν
452 233 578 292 ἔχετε
601 235 646 277 ἐν
669 238 721 290 τῇ
740 235 911 293 καρδία,
934 236 988 277 iv.
1009 239 1029 276 1
1055 234 1192 277 πόθεν
1212 235 1358 291 μάχαι
1381 236 1426 277 ἐν
1451 235 1550 288 ὑμῖν
1569 251 1582 283 ,·
1616 250 1653 277 v.
1673 237 1725 277 13
1749 234 1814 281 τίς
1836 233 1882 276 ἐν

261 301 394 353 ὑμῐν;
431 316 464 342 v.
492 304 542 341 14
573 301 755 343 ἀσθενεῖ
781 319 847 348 τις
877 303 922 344 ἐν
953 303 1084 355 ὑμῖν;
1119 302 1160 344 ii.
1183 305 1209 343 4
1232 302 1478 357 διεκρίθητε
1508 303 1553 344 ἐν
1582 302 1768 350 ἑαυτοῖς,
1789 302 1834 344 ii.
1857 304 1882 343 2

261 366 445 425 πτωχὸς
469 368 514 410 ἐν
536 368 695 421 ἐσθῆτι
717 369 909 426 ῥυπαρᾷ.

319 436 375 488 (b)
410 435 435 476 i.
458 438 483 475 8
507 435 823 482 ἀκατάστατος
845 436 891 478 ἐν
912 439 1010 482 ταῖς
1033 435 1162 486 ὁδοῖς,
1186 439 1211 480 i.
1232 442 1281 479 11
1307 438 1352 480 ἐν
1374 440 1471 483 ταῖς
1494 436 1696 491 πορείαις
1717 452 1882 490 μαραν-

258 501 459 553 θήσεται,
480 502 505 543 i.
526 504 579 545 27
602 502 961 545 ἐπισκέπτεσθαι
983 502 1127 561 χήρας
1149 504 1195 547 ἐν
1217 506 1270 558 τῇ
1289 504 1450 560 θλίψει
1467 503 1624 552 αὐτῶν,
1646 517 1684 544 ν.
1703 503 1756 543 10
1779 501 1882 543 ἐλά-

257 572 408 619 λησαν
430 568 475 610 ἐν
497 569 558 624 τῷ
581 567 763 621 ὀνόματι
789 569 969 623 Κυρίου,
997 585 1033 611 ν.
1058 572 1111 610 14
1135 571 1411 627 ἀλείψαντες
1432 569 1478 612 ἐν
1499 571 1559 625 τῷ
1582 568 1765 622 ὀνόματι
1787 568 1881 624 (the

257 633 401 674 aetion
424 634 460 675 is
481 635 785 690 accompanicd
808 635 863 690 by
885 635 960 677 the
983 650 1058 677 use
1081 638 1127 678 of
1144 637 1219 678 the
1243 637 1416 689 Name).

320 701 372 754 (c)
408 716 443 743 v.
466 703 492 742 4·
515 701 561 743 ἐν
582 701 802 759 ἐσχάταις
825 702 1018 757 ἡμέραις.

318 767 381 821 (d)
416 767 440 808 i.
464 770 490 808 4
519 767 565 810 ἐν
592 767 744 821 μηδενὶ
772 768 1043 822 λειπόμενοι,
1065 770 1091 812 i.
1115 772 1167 811 25
1189 770 1407 826 μακάριος
1433 770 1478 812 ἐν
1500 771 1552 824 τῇ
1575 769 1767 821 ποιήσει,
1790 768 1831 810 ii.
1855 771 1877 809 5

258 833 479 879 πλούσιος
501 834 546 876 ἐν
570 834 737 885 πίστει,
759 835 801 876 ii.
827 838 892 884 10,
915 836 975 878 iii.
1000 839 1024 877 2
1046 837 1091 878 ἐν
1115 837 1190 886 ἑνί,
1212 837 1257 879 ἐν
1278 837 1400 892 λόγῳ
1423 837 1613 879 πταίειν.

319 902 373 955 (ι’)
406 901 431 943 i.
456 903 505 942 21
532 901 578 944 ε’ν
599 900 822 955 πραΰτητι
845 902 1034 956 δέξασθε
1057 902 1132 946 τὸν
1155 903 1304 958 λόγον,
1327 905 1384 946 iii.
1411 907 1463 946 13
1487 903 1672 957 δειξάτω
1697 902 1751 944 τὰ
1773 902 1880 957 ἕρνγα

259 969 397 1011 αὐτοῦ
419 969 464 1011 ἐν
487 968 711 1024 πραΰτητι
734 970 912 1026 σοφίας,
940 971 981 1012 ii.
1007 974 1026 1011 1
1059 971 1105 1013 ἐν
1133 971 1584 1027 προσωπολημψίαις
1614 969 1694 1022 τὴν
1723 970 1882 1012 πίστιν

258 1035 397 1092 ἔχετε,
429 1035 469 1077 ii.
504 1038 554 1077 16
591 1035 786 1089 ὑπάγετε
818 1037 863 1078 ἐν
894 1036 1056 1091 εἰρήνῃ,
1088 1038 1147 1079 iii.
1173 1040 1224 1078 18
1259 1038 1304 1080 ἐν
1340 1037 1487 1092 εἰρήνῃ
1522 1036 1766 1091 σπείρεται,
1798 1037 1824 1078 i.
1854 1038 1878 1079 6

257 1102 398 1143 αἰτεῖν
420 1105 464 1143 ἐν
488 1101 654 1149 πίστει,
678 1103 733 1143 iv,
760 1105 811 1144 16
836 1102 1084 1160 καυχάσθω
1108 1108 1152 1146 ἐν
1174 1107 1272 1150 ταῖς
1295 1104 1550 1157 ἀλαζονίαις
1573 1103 1723 1145 αὐτοῦ.

318 1169 398 1222 (f)
430 1169 455 1210 i.
479 1171 503 1211 9
527 1169 777 1227 καυχάσθω
809 1169 855 1211 ἐν
887 1171 947 1226 τῷ
979 1169 1102 1226 ὕψει,
1131 1171 1156 1213 i.
1182 1174 1233 1213 10
1257 1189 1296 1213 κ.
1320 1171 1366 1213 ἐν
1387 1172 1440 1226 τῇ
1466 1169 1747 1218 ταπεινώσει,
1776 1169 1831 1210 iv.
1853 1171 1878 1212 3

257 1235 304 1278 ἐν
325 1239 423 1281 ταῖς
447 1235 622 1288 ηδόναις
645 1235 862 1278 δαπανᾶν.

319 1302 379 1357 (q)
412 1303 470 1344 iii.
494 1305 518 1345 9
541 1303 587 1345 ἐν
610 1305 663 1357 τῇ
685 1302 879 1358 *γλώσσῃ
901 1303 1171 1358 ευλοΎοῦμεν
1192 1303 1267 1347 τὸν
1295 1304 1475 1359 Κύριον,
1497 1305 1549 1346 cf.
1570 1305 1596 1346 i.
1619 1306 1686 1346 23.

317 1369 496 1413 Ini.17
522 1385 581 1412 we
604 1371 730 1412 find'
717 1370 779 1412 ε’νι
800 1371 906 1412 used
938 1371 1046 1412 for'
1023 1389 1182 1421 ενεστι,
1204 1372 1307 1427 παρ’
1330 1370 1363 1413 ὦ
1385 1372 1465 1413 οὐκ
1496 1389 1558 1414 ενι
1591 1369 1880 1426 παραλλανγή,

257 1452 330 1479 see
353 1443 466 1479 note.

317 1539 405 1581 ἐπί.
440 1540 502 1594 (α)
527 1540 704 1593 molend,
729 1540 784 1594 (h)
809 1541 873 1581 the
895 1541 1011 1595 οἶμαι
1033 1541 1082 1594 of
1097 1555 1182 1595 any
1204 1541 1393 1583 emotion.

315 1630 380 1684 (a)
414 1645 451 1671 v.
476 1633 496 1671 1
523 1629 810 1683 ὀλολύζοντες
834 1630 909 1673 ἐπὶ
932 1633 1029 1676 ταῖς
1053 1631 1395 1685 ταλαιπωρίαις.

322 1697 376 1749 (b)
412 1712 448 1738 v.
472 1697 495 1740 7
519 1698 816 1751 μακροθυμῶν
838 1695 908 1740 ἐπ’
931 1698 1050 1753 αὐτῷ
1075 1699 1152 1752 (tle.
1176 1699 1251 1740 the
1274 1700 1406 1753 emp).

317 1799 451 1855 παρά.
488 1799 707 1853 caym-essm
730 1801 779 1853 os
805 1799 864 1855 (a)
888 1815 946 1840 cm
967 1801 1177 1850 attribute,
1202 1800 1260 1854 (b)
1283 1816 1309 1841 α
1321 1801 1559 1854 judqmcnt.

319 1890 381 1944 (α)
415 1890 440 1931 i.
466 1891 517 1932 17
542 1890 644 1944 παρ’
670 1888 703 1945 ᾧ
724 1890 803 1932 οὐκ
827 1889 888 1932 ἔνι
911 1890 1203 1945 παραλλαγή.

319 1957 374 2012 (b)
408 1956 433 1999 i.
457 1957 510 1999 27
535 1957 751 2011 θρησκεία
774 1955 947 2012 καθαρὰ
973 1955 1095 2011 παρὰ
1117 1958 1177 2014 τῷ
1201 1957 1301 2013 Θεῷ
1324 1956 1436 2010 αὕτη
1459 1956 1595 1999 ἐστίν.

317 2049 413 2091 σύν.
450 2049 475 2091 i.
500 2052 550 2090 11
576 2049 799 2092 ἀνέτειλεν
821 2049 905 2092 σὺν
927 2050 987 2106 τῷ
1011 2049 1223 2091 καύσωνι.

998 2183 1140 2226 VERE.

983 2277 1166 2321 Voz'ccs,

318 2371 462 2412 Aetive
495 2370 582 2412 αηιί
612 2370 774 2412 szddlo
805 2369 1033 2412 combined
1069 2370 1128 2412 iii.
1158 2372 1197 2417 3,
1231 2372 1268 2419 4,
1293 2372 1316 2411 5
1357 2368 1442 2412 ἴδε
1476 2369 1562 2412 τῶν
1596 2367 1747 2412 ἵππων
1777 2368 1878 2416 τοὺς

260 2438 474 2496 χαλινοὺς
507 2438 567 2484 εἰς
599 2437 655 2480 τὰ
685 2437 891 2490 στόματα
931 2436 1332 2490 βάλλομεν,...ἰδο
1352 2436 1375 2477 ὺ
1408 2436 1482 2478 καὶ
1515 2435 1570 2478 τὰ
1602 2439 1742 2479 πλοῖα
1776 2453 1877 2489 μετ-

259 2505 417 2599 α’γεται
455 2503 540 2547 ὑπο
577 2504 835 2557 πηδαλιου..
847 2503 990 2546 Αἴδου
1029 2503 1183 2554 ἡλίκον
1220 2520 1309 2557 πυρ
1343 2503 1502 2555 ἡλίκην
1533 2503 1645 2555 ὕλην
1675 2502 1878 2551 ἀνάπτει,

259 2571 314 2613 iv.
338 2573 422 2620 2,3
446 2570 526 2612 οὐκ
549 2569 674 2627 ἔχετε
703 2569 774 2612 διὰ
797 2569 846 2611 τὸ
874 2587 934 2622 μη
967 2569 1288 2611 αἰτεισθαι
1319 2569 1442 2622 ὑμᾶς·
1474 2568 1708 2611 αἰτεῖτε
1730 2569 1805 2610 καὶ
1827 2568 1877 2610 οὐ

258 2637 519 2691 λαμβάνετε
541 2636 651 2679 διότι
675 2639 820 2682 κακῶς
843 2654 871 2677 a
886 2636 900 2678 ι’
915 2653 940 2677 τ
955 2653 973 2677 ε
988 2654 1002 2678 ι
1019 2654 1049 2677 σ
1065 2636 1135 2678 θε.

319 2709 358 2748 I'
357 2708 485 2748 assim
520 2707 618 2747 usal
653 2706 964 2759 vnpeosonally,
1002 2705 1055 2747 iv.
1095 2707 1147 2745 15
1187 2704 1270 2747 κᾶν
1303 2704 1521 2758 ἁμαρτίας
1559 2703 1586 2758 ᾗ
1623 2702 1877 2756 πεποιηκὼς

260 2773 539 2830 ιἰφεθησεται
562 2773 694 2829 αὐτῷ.
