1938 3178
214 136 292 172 240
653 133 840 170 INDEX
870 132 938 169 OF
968 131 1162 168 GREEK
1194 130 1394 168 WORDS

212 242 356 290 πλῆθος
377 255 383 277 :
414 254 450 278 V.
477 240 527 277 20
549 240 709 289 καλύψει
729 238 875 286 πλῆθος
894 239 1092 286 ἁμαρτιῶν.

211 297 366 346 πληρόω
383 309 389 331 ;
419 296 458 332 ii.
484 295 533 331 23
556 293 754 342 ἐπληρώθη
773 293 797 340 ἡ
817 291 957 342 γραφή.

210 350 378 399 πλησίον
396 363 403 386 t
433 350 472 386 ii.
499 350 522 385 8
544 348 753 399 ἀγαπήσεις
772 346 838 383 τὸν
856 345 1024 394 πλησίον
1044 361 1116 383 σου
1136 346 1182 385 ὡς
1202 344 1373 387 σεαυτόν,
1394 344 1445 381 iv.
1474 345 1521 381 12
1553 345 1573 382 ὁ
1603 343 1734 394 κρίνων
1767 344 1831 381 τὸν

320 404 498 453 πλησίον.

210 460 370 496 πλοῖονῑ
401 458 455 494 iii.
480 458 503 493 4
526 456 604 494 ἰδοὺ
625 455 685 492 καὶ
704 455 751 493 τὰ
775 455 902 491 πλοῖα.

209 513 418 552 πλούσιοςῑ
448 512 471 548 i.
498 512 546 547 10
569 508 804 560 (καυχάσθω)
827 509 847 546 ὁ
867 508 1053 548 πλούσιος
1084 510 1122 545 ἐν
1151 509 1201 558 τῇ
1230 506 1461 551 ταπεινώσει,
1483 506 1508 543 i.
1530 507 1574 543 11
1599 507 1620 544 ὁ
1648 506 1833 546 πλούσιος

320 569 358 604 ἐν
387 567 467 606 ταῖς
498 564 663 614 πορείαις
681 563 973 613 μαρανθήσεται,
996 563 1035 598 ii.
1058 562 1081 598 5
1105 562 1301 607 ἐξελέξατο
1320 561 1406 601 τοὺς
1425 561 1597 612 πτωχοὺς
1624 561 1832 600 πλουσίους

320 624 358 658 ἐν
376 621 514 663 πίστει,
537 619 575 655 ii.
601 619 622 654 6
645 620 714 668 οὐχ
734 619 768 655 οἱ
796 617 976 654 πλούσιοι
1005 615 1391 654 καταδυναστεύουσιν
1410 617 1537 665 ὗμῶν;
1566 628 1602 652 v.
1629 616 1646 652 l
1680 615 1748 666 ἄγε
1768 617 1832 652 νῦν

321 677 355 713 οἱ
374 675 555 712 πλούσιοι
575 673 777 710 κλαύσατε.

211 732 374 768 πλοῦτος
393 743 399 765 ;
429 742 465 765 V.
491 730 512 764 2
535 729 555 765 ὁ
574 729 739 766 πλοῦτος
758 728 858 775 ὑμῶν
878 725 1056 774 σέσηπεν.

210 787 378 833 πνεῦμαῖ
408 783 448 820 ii.
474 783 522 819 26
557 782 600 819 τὸ
635 783 746 831 σῶμα
778 780 892 831 χωρὶς
911 779 1120 829 πνεύματος
1139 779 1279 829 νεκρόν,
1300 779 1352 815 iV.
1376 778 1398 814 5
1423 778 1466 816 τὸ
1497 780 1642 827 πνεῦμα
1678 776 1698 815 ὃ
1720 776 1832 828 κατῴ-

321 854 427 875 κισεν
447 840 485 874 ἐν
503 838 604 886 ἡμῖν.

210 893 324 931 πόθεν
341 906 347 928 :
377 892 429 928 iv.
455 892 472 927 1
497 891 612 929 πόθεν
630 890 791 938 πόλεμοι
811 889 872 926 καὶ
891 888 1006 926 πόθεν
1024 887 1144 938 μάχαι
1156 905 1167 931 ,-

210 947 344 984 ποιέωζ
366 946 406 983 ii.
430 946 453 982 8
475 947 596 985 καλῶς
610 946 759 987 ποιεῖτε,
777 943 816 979 ii.
844 944 889 980 19
913 945 1033 982 καλῶς
1052 944 1180 985 ποιεῖς,
1201 941 1240 978 ii.
1260 942 1306 978 12
1329 942 1444 981 οὕτως
1462 942 1615 979 λαλεῖτε
1635 941 1696 978 καὶ
1716 941 1832 981 οὕτως

319 1002 469 1043 ποιεῖτε,
491 1000 531 1036 ii.
558 1000 606 1036 13
627 1001 677 1036 τῶ
702 999 756 1047 μὴ
785 998 987 1046 ποιήσαντι
1017 997 1132 1039 ἔλεος,
1153 997 1207 1032 iii.
1234 997 1281 1032 12
1311 997 1365 1045 μὴ
1394 995 1546 1033 δύναται
1575 997 1672 1044 συκῆ
1703 995 1833 1035 ἐλαίας

318 1053 650 1105 ποιῆσαι...γλυκὺ
669 1055 826 1102 ποιῆσαι
845 1051 952 1101 ὕδωρ,
970 1051 1023 1088 iii.
1046 1052 1093 1087 18
1114 1052 1191 1091 τοῖς
1210 1053 1383 1087 ποιοῦσιν
1403 1050 1559 1100 εἰρήνην,
1581 1049 1633 1086 iv.
1660 1049 1707 1086 13
1728 1049 1832 1098 ποιή-

319 1126 438 1159 σομεν
458 1110 533 1146 ἐκεῖ
551 1107 727 1150 ἐνιαυτόν,
748 1107 808 1143 iV.·
827 1106 874 1142 15
895 1105 1105 1155 ποιήσομεν
1124 1107 1235 1143 τοῦτο
1268 1103 1292 1153 ἢ
1314 1106 1441 1148 ἐκεῖνο,
1464 1105 1516 1141 iv.
1542 1102 1589 1142 17
1627 1103 1738 1141 εἰδότι
1767 1102 1832 1141 οὖν

319 1164 436 1202 καλὸν
468 1164 589 1200 ποιεῖν
622 1162 683 1199 καὶ
713 1162 767 1211 μὴ
799 1162 968 1198 ποιοῦντι
1001 1159 1165 1210 ἁμαρτία
1197 1159 1314 1204 ἐστίν,
1336 1172 1373 1196 V.
1414 1159 1461 1195 15
1497 1157 1565 1196 κᾶν
1595 1158 1777 1208 ἁμαρτίας
1805 1155 1831 1209 ᾗ

319 1217 537 1267 πεποιηκώς.
597 1216 670 1253 See
691 1229 727 1265 p.
749 1214 877 1252 cxciii.

211 1288 238 1311 c.
262 1273 414 1322 ποίησις
431 1286 438 1309 :
469 1272 492 1308 i.
517 1270 565 1308 25
587 1271 768 1320 μακάριος
787 1272 825 1307 ἐν
843 1271 891 1320 τῇ
910 1268 1062 1317 ποιήσει
1081 1270 1204 1306 αὐτοῦ.

211 1328 367 1377 ποιητὴς
386 1341 393 1364 z
423 1327 447 1363 i.
473 1327 521 1363 22
543 1325 695 1374 ποιηταὶ
713 1324 844 1375 λόγου,
867 1323 926 1361 καὶ
946 1324 999 1372 μὴ
1019 1322 1197 1372 ἀκροαταὶ
1217 1321 1345 1371 μόνον,
1367 1321 1390 1359 i.
1417 1322 1466 1358 23
1497 1321 1682 1371 ἀκροατὴς
1710 1320 1831 1371 λόγου

322 1382 382 1419 καὶ
402 1383 445 1419 οὗ
464 1380 630 1429 ποιητής,
652 1380 676 1416 i.
701 1378 749 1415 25
771 1378 928 1427 ποιητὴς
949 1377 1070 1427 ἔργου,
1091 1377 1144 1414 iV.
1171 1377 1215 1413 11
1239 1376 1396 1425 ποιητὴς
1415 1376 1541 1425 νόμου.

211 1437 403 1476 ποικίλοςῑ
435 1435 459 1472 i.
485 1436 506 1471 2
528 1435 618 1472 ὅταν
636 1435 861 1483 πειρασμοῖς
879 1432 1106 1481 περιπέσητε
1125 1431 1320 1471 ποικίλοις.

212 1493 320 1532 ποῖος
338 1505 345 1528 :
375 1491 427 1526 iv.
454 1490 502 1526 14
522 1489 613 1526 ποία
631 1489 704 1539 γὰρ
724 1489 747 1536 ἡ
768 1487 842 1536 ζωὴ
862 1488 985 1536 ὑμῶν,-

211 1544 384 1594 πολεμέω
402 1558 408 1581 :
438 1544 490 1580 iV.
516 1545 536 1579 2
559 1542 731 1593 μάχεσθε
751 1542 812 1579 καὶ
831 1542 1041 1589 πολεμεῖτε.

213 1600 379 1648 πόλεμος
399 1613 405 1635 :
435 1598 487 1634 iv.
514 1599 531 1634 1
556 1597 670 1635 πόθεν
689 1596 851 1645 πόλεμοι
871 1596 932 1633 καὶ
950 1595 1096 1645 μάχαι,-

212 1655 323 1694 πόλις
341 1668 347 1690 ;
378 1653 430 1689 iv.
458 1652 505 1689 13
526 1651 789 1701 πορευσόμεθα
810 1652 859 1690 εἷς
877 1649 986 1699 τήνδε
1005 1650 1073 1698 τὴν
1093 1648 1215 1687 πόλιν.

212 1708 356 1748 πολύς;
385 1707 440 1744 iii.
467 1707 484 1743 l
508 1706 561 1755 μὴ
581 1705 722 1743 πολλοὶ
743 1703 965 1742 διδάσκαλοι
983 1703 1145 1754 γίνεσθε,
1167 1703 1222 1739 iii.
1248 1703 1269 1738 2
1291 1703 1422 1740 πολλὰ
1455 1701 1637 1751 πταίομεν
1657 1701 1828 1745 ἅπαντες,

321 1775 358 1798 v.
380 1762 428 1798 16
445 1761 546 1798 πολὺ
569 1760 692 1811 ἰσχύει
711 1758 848 1807 δέησις.

212 1831 283 1854 a.c.
305 1816 631 1866 πολύσπλαγχνος
649 1828 655 1850 :
685 1827 722 1850 V.
749 1814 793 1849 11
817 1811 1146 1863 πολύσπλαγχνός
1166 1814 1269 1849 ἐστιν
1289 1812 1309 1848 ὁ
1339 1810 1489 1860 Κύριος.

213 1871 397 1921 πονηρός;
429 1870 468 1906 ii.
492 1870 516 1906 4
537 1869 658 1919 κριταὶ
687 1867 943 1917 διαλογισμῶν
970 1869 1152 1915 πονηρῶν,
1173 1867 1225 1902 iV.
1252 1866 1299 1902 16
1329 1868 1436 1902 πᾶσα
1465 1864 1648 1916 καύχησις
1676 1864 1830 1912 τοιαύτη

313 1925 476 1992 Ιπονηρά.

212 1996 343 2029 πορεια
362 1993 368 2016 ;
400 1992 423 2015 1.
450 1979 493 2015 11
519 1980 557 2015 ἐν
575 1979 656 2018 ταῖς
674 1976 839 2026 πορείαις
856 1975 1147 2026 μαρανθήσεται.

213 2035 419 2083 πορεύομαι
436 2047 443 2070 2
475 2033 527 2069 iv.
553 2032 601 2069 13
621 2031 884 2081 πορευσόμεθα
905 2032 954 2070 εἷς
973 2028 1081 2079 τήνδε
1100 2029 1168 2078 τὴν
1186 2028 1310 2066 πόλιν.

213 2090 355 2138 πόρνη;
386 2088 425 2124 ii.
451 2087 499 2123 25
521 2085 644 2134 Ῥαὰβ
663 2086 686 2134 ἡ
706 2085 836 2135 πόρνη.

213 2143 307 2182 πούς
326 2156 332 2179 :
362 2142 402 2178 ii.
427 2142 449 2178 3
471 2143 542 2179 τῶν
561 2139 684 2178 ποδῶν
704 2138 882 2176 inserted
905 2137 1013 2175 after
1034 2137 1237 2176 ὑποπόδιον
1257 2137 1311 2186 by
1333 2149 1441 2174 some
1462 2136 1577 2173 MSS.

213 2200 392 2247 πρᾶγμα;
424 2195 480 2232 iii.
507 2195 554 2231 16
575 2197 650 2232 πᾶν
671 2196 819 2242 φαῦλον
844 2196 1012 2243 πρᾶγμα.

213 2265 241 2289 e.
264 2250 453 2300 πραΰτης;
484 2250 508 2286 i.
533 2250 578 2285 21
604 2251 642 2286 ἐν
660 2248 844 2298 πραΰτητι
864 2247 1021 2292 δέξασθε
1040 2246 1106 2284 τὸν
1124 2246 1253 2297 λόγον,
1274 2245 1330 2283 iii.
1357 2246 1404 2282 13
1435 2244 1588 2290 δειξάτω
1611 2245 1658 2283 τὰ
1682 2244 1772 2295 ἔργα
1793 2246 1830 2281 ἐν

323 2304 506 2353 πραΰτητι
534 2303 686 2352 σοφίας.

214 2359 474 2408 πρεσβύτερος
491 2372 497 2394 ;
528 2370 565 2393 v.
591 2358 639 2393 14
660 2356 746 2396 τοὺς
764 2355 1047 2405 πρεσβυτέρους
1066 2357 1131 2404 τῆς
1151 2354 1362 2403 ἐκκλησίας.

213 2414 310 2463 πρό;
340 2426 376 2449 v.
400 2413 422 2449 9
445 2412 517 2462 πρὸ
536 2414 608 2449 τῶν
627 2411 746 2460 θυρῶν
766 2411 933 2459 ἔστηκεν,
955 2423 991 2446 v.
1018 2410 1065 2445 12
1087 2409 1160 2458 πρὸ
1180 2407 1332 2446 πάντων
1349 2409 1403 2458 μὴ
1424 2407 1588 2457 ὀμνύετε.

213 2482 242 2505 c.
265 2467 424 2516 πρόϊμος
445 2464 642 2515 (πρώϊμος)
659 2480 666 2502 ;
698 2478 734 2501 v.
759 2464 780 2503 7
803 2465 908 2502 ὑετὸν
927 2464 1086 2513 πρόϊμον
1107 2463 1168 2500 καὶ
1188 2463 1336 2513 ὄψιμον.

214 2522 331 2572 πρός;
364 2520 481 2571 <with
510 2517 756 2568 accusative)
778 2519 830 2555 iv.
853 2518 876 2554 5
907 2518 1000 2568 πρὸς
1029 2517 1172 2566 φθόνον
1201 2517 1381 2560 ἐπιποθεῖ,
1402 2516 1454 2553 iv.
1490 2516 1539 2553 14
1573 2515 1666 2566 πρὸς
1697 2514 1829 2565 ὀλίγον

324 2574 540 2624 φαινομένη.
600 2573 672 2610 See
692 2586 727 2622 p.
751 2573 886 2609 clxxii.

214 2629 408 2680 προσευχή
425 2642 431 2665 Ξ
462 2642 498 2665 V.
525 2627 571 2665 17
594 2628 790 2677 προσευχῇ
808 2626 1050 2675 προσηύξατο
1069 2627 1135 2663 τοῦ
1153 2626 1207 2675 μὴ
1226 2625 1372 2674 βρέξαι.

214 2684 497 2734 προσεύχομαι;
527 2695 563 2718 v.
590 2682 637 2718 13
668 2681 872 2718 κακοπαθεῖ
898 2697 952 2721 τις
967 2698 978 2724 ‚·
1007 2680 1292 2730 προσευχέσθω,
1327 2692 1363 2716 v.
1399 2679 1448 2716 14
1476 2676 1827 2729 προσευξάσθωσαν

325 2737 380 2775 ἐπ’
413 2736 536 2781 αὐτόν,
557 2749 594 2773 V.
621 2736 668 2772 16
689 2735 951 2785 προσεύχεσθε
984 2734 1079 2771 read
1101 2734 1154 2783 by
1175 2746 1282 2770 some
1303 2733 1419 2771 MSS.
1443 2733 1507 2771 for
1527 2733 1694 2784 εὔχεσθε,
1714 2744 1750 2768 V.
1776 2729 1824 2769 17

323 2791 519 2842 προσευχῇ
537 2789 792 2839 προσηύξατο,
814 2802 850 2825 V.
878 2789 924 2825 18
945 2789 1060 2826 πάλιν
1082 2787 1337 2837 προσηύξατο.

215 2845 462 2894 προσκαλέω;
494 2857 530 2881 V.
557 2845 604 2880 14
626 2843 960 2892 προσκαλεσάσθω
980 2843 1065 2882 τοὺς
1084 2842 1375 2891 πρεσβυτέρους.
