1938 3178
39 163 62 203 1
91 166 127 214 5,
160 163 201 218 6]
750 164 926 206 NoTEs
1595 169 1642 207 37

40 271 515 322 ἆπλότης;4111)01·1111ῢ57,’
538 272 667 309 which
688 273 722 309 is
741 281 922 310 common
942 274 984 310 in
1005 274 1074 310 the
1094 273 1207 317 N.T.,
1229 272 1277 310 cf.
1304 274 1325 308 2
1348 272 1436 310 Cor.
1454 273 1538 310 viii.
1565 274 1586 309 2
1609 276 1646 311 ἐν

39 326 169 376 πολλῇ
185 325 317 376 δοκιμῇ
333 327 494 377 θλίψεως
512 327 534 375 ἡ
550 327 750 376 περισσεία
764 329 829 376 τῆς
848 330 966 378 χαρᾶς
985 329 1104 365 αὐτῶν
1119 327 1388 377 ἐπερίσσευσεν
1409 329 1457 366 εἷς
1476 327 1518 364 τὸ
1534 329 1647 364 πλοῦ-

39 396 101 419 τος
120 382 185 429 τῆς
204 381 414 429 ἁπλότητος
437 382 567 427 αὐτῶν,
587 381 639 417 ix.
666 381 710 417 11
736 384 773 418 ἐν
792 382 904 418 παντὶ
922 382 1205 430 πλουτιζόμενοι
1226 382 1275 421 εἷς
1294 383 1420 418 πᾶσαν
1440 381 1646 429 ἁπλότητα,

39 447 121 470 ver.
146 434 208 479 13,
229 435 342 472 Rom.
366 434 433 472 Xii.
453 435 476 471 8
498 435 518 472 ὁ
537 433 752 483 μεταδιδοὺς
772 438 809 472 ἐν
829 435 1022 484 ἁπλότητι.
1068 435 1164 471 This
1183 447 1253 471 use
1274 434 1314 471 Of
1335 435 1502 483 ἁπλότης
1521 447 1646 472 seems

40 491 84 524 bo
103 500 211 525 come
231 487 335 525 from
355 489 424 525 the
451 488 539 525 idea
559 488 600 525 of
630 488 846 526 frankness
876 489 955 525 and
980 488 1344 538 openheartedness
1366 488 1581 538 belonging
1605 492 1647 525 to

40 543 190 582 ἁπλοῦς.
234 542 361 579 There
381 542 415 579 is
430 542 614 579 however
629 555 681 579 no
698 543 879 592 example
892 542 933 579 of
953 543 1022 580 bhe
1038 543 1188 580 adverb
1203 542 1321 591 being
1335 542 1431 579 thus
1445 541 1553 587 used,
1567 542 1646 579 and

38 595 72 632 it
92 609 218 633 seems
238 609 290 633 on
309 596 363 633 all
379 600 569 633 accounts
585 597 718 634 bebter
739 601 781 633 to
798 597 897 646 keep
918 597 987 633 the
1008 597 1199 646 ordinary
1216 609 1329 633 sense
1346 599 1354 615 ‘
1368 596 1646 633 uncondition-

39 649 147 698 ally‚'
165 651 293 687 which
314 651 398 687 also
418 654 619 687 contrasts
641 651 773 688 bebter
793 651 892 687 with
913 651 982 687 the
1002 651 1204 700 following
1223 651 1276 700 μὴ
1297 650 1543 698 ὀνειδίζοντος.
1585 650 1644 688 Cf.

39 703 155 740 Philo
177 704 286 742 C'laer.
308 704 364 741 M.
390 705 407 741 1
432 718 466 754 p.
494 705 565 741 161
591 706 610 742 ὁ
630 705 721 745 Θεὸς
747 706 790 742 οὐ
809 706 988 754 πωλητὴρ
1010 705 1232 753 ἐπευωνίζων
1251 706 1297 742 τὰ
1318 706 1447 742 ἑαυτοῦ
1468 705 1646 754 κτήματα,

39 757 236 807 δωρητικὸς
250 758 288 796 δὲ
307 761 379 797 τῶν
395 759 574 805 ἁπάντων,
591 759 762 799 ἀεννάους
780 759 942 810 χαρίτων
960 760 1082 810 πηγὰς
1098 759 1273 810 ἀναχέων,
1289 759 1451 808 ἀμοιβῆς
1471 761 1535 796 οὐκ
1552 759 1647 808 ἐφιέ-

37 828 159 859 μενος,
181 812 300 861 Allegj.
324 813 380 849 M.
408 813 424 849 1
449 826 483 862 p.
507 813 559 850 50
581 813 790 863 φιλόδωρος
809 813 856 851 ὢν
877 814 896 850 ὁ
915 813 1007 853 Θεὸς
1032 813 1221 864 χαρίζεται
1246 814 1292 850 τὰ
1318 813 1439 863 ἀγαθὰ
1465 815 1560 851 πᾶσι
1589 813 1649 850 καὶ

37 867 114 906 τοῖς
133 867 186 916 μὴ
204 867 360 907 τελείοις
378 866 478 911 foll.,
500 867 547 904 ib.
569 880 605 916 p.
630 868 703 904 251
728 868 841 906 πόθεν
860 868 928 917 τὴν
947 868 1167 917 φρονήσεως
1187 867 1354 916 διψῶσαν
1374 866 1535 905 διάνοιαν
1555 868 1649 907 εἰκός

39 922 120 958 ἐστι
148 922 386 971 πληροῦσθαι
413 921 514 970 πλὴν
533 922 606 959 ἀπὸ
635 922 775 971 σοφίας
793 923 911 965 Θεοῦ;
940 921 1079 959 Herm.
1103 921 1242 958 Mcmd.
1265 921 1304 958 ii.
1329 922 1352 957 4
1381 924 1498 959 πᾶσιν
1518 922 1537 958 ὃ
1557 921 1650 961 Θεὸς

40 973 209 1013 δίδοσθαι
222 975 322 1014 θέλει
335 978 374 1013 ἐκ
393 978 465 1013 τῶν
485 975 584 1013 ἰδίων
603 975 838 1025 δωρημάτων,
861 976 992 1013 where
1012 976 1082 1012 the
1102 980 1267 1012 contexi,
1286 976 1320 1011 is
1341 974 1417 1012 full
1441 974 1482 1012 of
1506 975 1648 1012 remin-

39 1029 212 1066 iscences
232 1029 273 1066 of
293 1030 350 1067 Sb.
374 1030 536 1076 Jalne83
566 1030 620 1067 id.
638 1030 732 1067 Sim.
749 1043 786 1067 V.
811 1031 872 1066 4.3
899 1029 938 1070 ὃς
958 1029 1002 1068 ἂν
1023 1029 1154 1070 δοῦλος
1174 1029 1198 1081 ᾗ
1217 1031 1283 1067 τοῦ
1302 1032 1397 1067 Θεοῦ
1417 1029 1478 1066 καὶ
1499 1029 1565 1080 ἔχῃ
1585 1030 1650 1067 τὸν

40 1083 180 1132 Κύριον
212 1085 343 1122 ἑαυτοῦ
363 1087 401 1122 ἐν
418 1084 465 1134 τῇ
492 1083 621 1134 καρδίᾳ
642 1086 797 1122 αἰτεῖται
823 1082 909 1133 παρ’
928 1086 1041 1122 αὐτοῦ
1061 1085 1215 1122 σύνεσιν
1235 1083 1294 1121 καὶ
1318 1083 1649 1133 λαμβάνει...ὅσοι

39 1135 77 1174 δὲ
105 1138 214 1188 ἀργοὶ
243 1136 372 1188 (εἰσιν)
400 1139 492 1187 πρὸς
519 1139 586 1188 τὴν
616 1139 774 1183 ἔντευξιν
808 1140 937 1176 ἐκεῖνοι
968 1138 1207 1186 διστάζουσιν
1235 1138 1420 1176 αἰτεῖσθαι
1453 1138 1554 1187 παρὰ
1583 1140 1650 1175 τοῦ

41 1191 192 1241 Κυρίου,
216 1192 264 1229 ib.
287 1192 340 1229 ix.
365 1193 399 1229 2.
424 1193 472 1237 6.,
495 1193 580 1230 Sen.
606 1193 697 1229 Ben.
723 1193 758 1229 4.
783 1193 831 1229 25
858 1192 901 1229 di
930 1193 1193 1241 quodcumque
1207 1191 1388 1238 faciunt,
1412 1192 1457 1228 in
1485 1204 1524 1229 eo
1553 1192 1650 1239 quid

33 1252 189 1294 praeter
217 1247 344 1295 ipsam
363 1245 552 1293 faciendi
579 1247 769 1284 rationem
797 1249 1047 1295 sequuntur?
1103 1246 1211 1284 Plut.
1235 1247 1336 1283 λίθῳ.
1360 1246 1422 1282 63.
1455 1246 1497 1290 F,
1525 1246 1649 1282 below

40 1312 121 1337 ver.
146 1300 194 1338 17
216 1304 323 1339 πᾶσα
343 1300 447 1341 δόσις
466 1301 597 1352 ἀγαθή.

94 1360 139 1403 μὴ
165 1353 415 1406 ὀνειδίζοντος.]
473 1355 545 1392 Sir.
580 1355 640 1392 41.
670 1356 718 1391 22
749 1356 843 1405 μετὰ
870 1355 913 1393 τὸ
942 1354 1066 1392 δοῦναι
1093 1355 1146 1403 μὴ
1176 1353 1336 1401 ὀνείδιζε,
1366 1355 1425 1390 18.
1452 1352 1499 1391 17
1529 1353 1651 1402 μωρὸς

39 1408 252 1459 ἀχαρίστως
272 1409 422 1454 ὀνειδιεῖ,
447 1410 507 1447 καὶ
526 1409 631 1449 δόσις
649 1410 846 1458 βασκάνου
867 1409 1009 1458 ἐκτήκει
1029 1409 1261 1458 ὀφθαλμούς,
1285 1409 1345 1445 20.
1372 1408 1419 1444 13
1440 1407 1525 1444 foll.
1547 1406 1651 1446 δόσις

39 1462 203 1512 ἄφρονος
223 1465 265 1501 οὐ
293 1464 538 1513 λυσιτελήσει
558 1480 615 1501 σε·
646 1464 757 1515 ὀλίγα
781 1463 891 1501 δώσει
920 1463 981 1501 καὶ
1008 1463 1138 1500 πολλὰ
1157 1461 1375 1500 ὀνειδίσει...
1382 1462 1504 1511 μωρὸς
1524 1463 1644 1511 ἐρεῖ...

40 1518 105 1555 οὐκ
139 1516 221 1554 ἔστι
253 1518 362 1569 χάρις
393 1520 471 1558 τοῖς
502 1518 655 1568 ἀγαθοῖς
674 1535 757 1567 μου,
780 1517 920 1554 Herm.
947 1517 1086 1554 Asand.
1111 1518 1146 1553 9.
1172 1517 1193 1553 3
1227 1515 1348 1565 (after
1382 1514 1577 1565 speaking
1610 1515 1651 1551 of

39 1569 206 1622 διψυχία)
229 1574 294 1610 οὐκ
325 1573 406 1610 ἔστι
433 1573 505 1623 γὰρ
526 1573 545 1609 ὁ
565 1572 657 1612 Θεὸς
685 1573 732 1612 ὡς
761 1573 794 1609 οἶ
814 1572 1001 1622 ἄνθρωποι
1029 1572 1063 1609 οἱ
1091 1573 1413 1620 μνησικακοῦντες,
1437 1567 1525 1607 ἀλλ’
1544 1569 1652 1609 αὐτὸς

39 1625 292 1674 ἀμνησίκακός
305 1630 397 1671 ἐστι,
415 1626 510 1664 Sim.
535 1627 569 1663 9.
589 1627 637 1663 23
660 1627 679 1664 ὃ
699 1626 791 1666 Θεὸς
811 1628 852 1664 οὗ
871 1627 1096 1675 μνησικακεῖ
1116 1627 1194 1664 τοῖς
1215 1624 1570 1675 ἐξομολογουμένοις
1588 1624 1653 1663 τὰς

40 1679 232 1729 ἁμαρτίας,
255 1682 341 1718 ἀλλ’
370 1681 477 1721 ἵλεως
502 1681 651 1731 γίνεται,
674 1681 769 1717 Sim
795 1681 829 1717 9.
853 1681 903 1716 24
924 1680 1036 1718 παντὶ
1063 1679 1241 1730 ἀνθρώπῳ
1263 1679 1500 1729 ἐχορήγησαν
1520 1680 1653 1715 ἀνονει·

41 1733 176 1774 δίστως
204 1735 265 1773 καὶ
295 1734 532 1775 ἀδιστάκτως.
593 1735 644 1772 So
674 1734 884 1771 Philemon
914 1733 1055 1784 (Mein.
1073 1732 1136 1780 fo.
1160 1734 1235 1770 inc.
1262 1734 1321 1769 18.
1345 1746 1380 1782 p.
1406 1732 1500 1783 401)
1532 1734 1652 1772 καλῶς

40 1789 202 1838 ποιήσας
229 1791 271 1827 οὗ
300 1792 420 1830 καλῶς
448 1789 649 1830 ὠνείδισας*
682 1789 791 1839 ἔργον
814 1789 983 1828 καθεῖλες
1002 1788 1189 1826 πλούσιον
1217 1789 1352 1837 πτωχῷ
1379 1787 1493 1837 λόγῳ,
1516 1786 1651 1836 καυχώ-

39 1859 149 1892 μενος
181 1843 223 1881 τὸ
255 1843 370 1894 δῶρον
403 1843 422 1882 ὃ
457 1843 614 1884 δέδωκας
649 1843 761 1894 φίλῳ,
783 1843 898 1880 Dem.
921 1842 1009 1880 Cor.
1041 1843 1117 1879 316
1147 1842 1190 1880 τὸ
1218 1843 1284 1881 τὰς
1319 1841 1410 1881 ἰδίας
1439 1840 1652 1890 εὐεργεσίας

40 1898 345 1948 ὑπομιμνήσκειν.
360 1900 522 1948 ..μικροῦ
543 1898 617 1936 δεῖν
630 1898 758 1947 ὅμοιόν
772 1900 852 1935 ἐστι
864 1899 914 1948 τῷ
927 1895 1120 1944 ὀνειδίζειν,
1132 1896 1271 1945 Polyb.
1284 1895 1335 1932 ix.
1353 1896 1413 1931 31.
1431 1895 1466 1939 4,
1481 1894 1649 1930 xxxviii.

42 1951 76 1989 4.
113 1952 157 1988 11
206 1952 389 1993 ὀνειδίσας
425 1954 475 1993 εἷς
512 1952 746 2003 ἀχαριστίαν,
776 1951 907 1989 Planta.
941 1951 1076 2000 Aotzplc.
1109 1950 1207 1999 prol.
1240 1950 1285 1986 41
1328 1963 1421 1986 mem
1454 1949 1551 1997 quid
1587 1961 1652 1996 esso

38 2018 247 2053 memorem,
271 2014 315 2045 ut
339 2007 439 2044 alios
470 2007 515 2043 in
544 2007 753 2054 trayoecliz's
784 2005 880 2049 vidi,
912 2006 1151 2054 neptunum,
1193 2004 1389 2047 ls'ircutem.
1432 2002 1648 2047 Victoriam,

40 2060 221 2108 Martem,
256 2061 470 2105 Bellonam,
507 2073 798 2098 commemorare
836 2073 932 2108 quae
964 2059 1063 2096 bona
1093 2058 1202 2095 uobis
1227 2056 1538 2105 fec‘z'ssent...secl
1570 2070 1650 2094 mos

40 2127 258 2163 numquam
278 2114 443 2162 illisuic
467 2115 577 2164 patri
603 2128 682 2152 meo
713 2121 868 2163 optumo
899 2120 943 2150 ut
977 2112 1218 2162 eamrobraret
1249 2112 1352 2160 quod
1381 2111 1489 2148 bonis
1496 2110 1651 2158 faceret

39 2169 141 2215 boni,
179 2171 266 2208 Ter.
307 2170 433 2207 Andr.
481 2169 506 2206 i.
550 2169 582 2206 1.
627 2168 675 2207 17
723 2169 840 2205 istaec
891 2167 1196 2205 coomnemo‘ratio
1248 2166 1364 2214 quasi
1410 2165 1650 2214 eaelnvbratio

40 2229 94 2261 est
124 2225 339 2262 immemori
373 2224 538 2273 benefici,
571 2223 650 2260 010.
691 2223 789 2260 Lael.
829 2220 891 2266 71,
920 2222 1009 2259 Sen.
1038 2222 1132 2258 Ben.
1164 2221 1203 2257 ii.
1229 2221 1290 2264 1l,
1322 2219 1431 2256 Pluss.
1455 2219 1572 2256 Adul.
1608 2220 1649 2257 ii.

44 2278 106 2316 64.
146 2279 198 2316 A.
242 2282 349 2317 πᾶσα
387 2277 632 2327 ὀνειδιζομένη
678 2278 785 2328 χάρις
824 2276 990 2327 ἐπαχθὴς
1032 2275 1092 2313 καὶ
1130 2275 1270 2326 ἄχαρις.
1346 2273 1429 2310 The
1476 2274 1651 2323 bhoughb

44 2333 257 2383 expressed
288 2334 322 2370 is
357 2333 509 2370 similar
539 2336 582 2369 to
620 2331 712 2368 that:
746 2332 788 2367 in
820 2330 942 2367 Matt.
975 2329 1042 2366 xii.
1079 2329 1129 2366 20
1165 2329 1260 2379 (Isa.
1297 2327 1381 2364 xlii.
1421 2326 1472 2377 1),
1506 2329 1587 2365 and
1617 2329 1651 2365 is

43 2388 237 2425 intended
258 2391 301 2424 to
321 2399 542 2436 encourage
562 2386 676 2422 those
697 2385 784 2422 who
805 2396 907 2421 were
928 2383 1107 2433 tempbed
1129 2386 1171 2420 to
1190 2382 1334 2432 regard
1350 2381 1457 2418 their
1470 2382 1587 2419 trials
1606 2395 1650 2419 as

44 2457 68 2480 a
87 2443 175 2491 sign
197 2442 238 2480 of
259 2441 382 2479 God's
395 2441 641 2490 displeasure
655 2439 718 2476 for
730 2439 836 2476 their
855 2439 928 2476 sin.
970 2438 1012 2475 It
1032 2438 1066 2474 is
1086 2441 1158 2474 nob
1170 2440 1306 2473 meant
1322 2436 1413 2472 that
1427 2436 1514 2473 God
1530 2449 1651 2474 never

44 2498 236 2547 upbraids
258 2496 339 2547 (see
361 2495 483 2533 Mark
502 2494 582 2532 xvi.
609 2494 658 2530 14
679 2492 863 2531 ὠνείδισεν
890 2493 958 2542 τὴν
987 2492 1164 2530 ἀπιστίαν
1192 2492 1321 2535 αὐτῶν,
1344 2489 1479 2528 Const.
1504 2491 1648 2540 Aposb.

43 2551 113 2588 vii.
135 2552 185 2589 24
208 2556 217 2573 ‘
231 2563 396 2602 prepare
415 2549 645 2600 yourselves
666 2547 728 2584 for
747 2547 922 2596 worship
935 2546 943 2561 ²
968 2546 1025 2584 ἵνα
1050 2547 1103 2596 μὴ
1123 2545 1276 2590 ἀναξίως
1297 2546 1397 2594 ὑμῶν
1415 2545 1480 2582 τὸν
1498 2545 1652 2594 Πατέρα

45 2606 257 2644 καλούντων
283 2604 511 2654 ὀνειδισθῆτε
537 2603 595 2641 ὑπ’
617 2600 760 2650 αὐτοῦ),
781 2602 855 2638 but
875 2601 967 2638 thab
987 2601 1118 2638 where
1137 2600 1252 2637 there
1271 2599 1305 2635 is
1325 2598 1477 2636 sincere
1496 2602 1652 2648 repent-

44 2673 141 2698 ance
154 2660 220 2698 He
239 2659 368 2709 freely
382 2659 493 2708 gives
513 2657 593 2694 and
613 2656 790 2706 forgives
806 2655 1012 2692 whatever
1032 2667 1122 2703 may
1139 2655 1242 2691 have
1256 2654 1354 2690 been
1374 2653 1444 2689 the
1464 2657 1555 2702 pasta
1575 2653 1648 2690 sin.

97 2713 311 2766 ὃοθήσεται.]
369 2714 430 2752 Sc.
453 2712 495 2751 τὸ
515 2711 741 2760 αἰτούμενον.
799 2710 883 2746 The
902 2722 1009 2747 same
1029 2708 1159 2746 words
1179 2709 1221 2745 in
1241 2707 1360 2744 Matt.
1384 2706 1450 2744 vii.
1475 2707 1497 2745 7
1518 2708 1652 2745 αἰτεῖτε

44 2770 105 2808 καὶ
138 2763 338 2818 δοθήσεται
370 2769 456 2818 ὑμῖν
477 2782 483 2805 :
521 2765 572 2803 cf.
606 2765 732 2802 below
767 2777 848 2802 ver.
880 2762 941 2809 17,
976 2764 1060 2800 also
1090 2763 1211 2800 010111.
1242 2762 1290 2799 R.
1324 2761 1371 2797 13
1401 2761 1481 2797 and
1515 2761 1647 2810 Polyc.

43 2823 144 2863 Phil.
169 2824 204 2860 2.

99 2879 130 2916 6.
165 2883 300 2916 αἰτείτω
318 2882 352 2916 δὲ
368 2882 402 2915 ἐν
418 2870 570 2925 arto-va]
610 2872 747 2923 Again
763 2872 949 2922 cateliing
961 2884 1015 2921 up
1028 2872 1096 2909 the
1113 2870 1324 2921 preceding
1339 2869 1446 2908 verb.
1484 2868 1545 2905 Of.
1562 2868 1651 2919 εὐχὴ
