1938 3178
98 142 118 177 I
144 139 288 192 19—27]

312 243 495 275 Vunox‘rss.

95 333 215 363 autem
227 329 271 363 ad
283 329 506 375 loquendum
514 333 549 364 et
560 329 684 364 tardus

93 385 139 418 ad
165 385 256 418 iram
271 385 317 429 (a)
339 396 345 419 :
381 387 426 419 20
446 385 500 419 ira
514 386 559 429 (a)
583 385 681 419 enim

93 440 166 474 uiri
188 440 365 474 iustitiam
387 440 445 474 dei
462 453 535 475 non
561 452 682 486 opera-

93 499 162 530 tur.
213 499 254 530 21
284 496 436 542 Propter
453 496 550 542 quod
572 496 681 531 abici-

93 556 192 585 entes
210 563 353 586 omnem
370 551 632 586 inmunditiam
646 556 682 586 et

90 606 352 641 abundantiam
362 607 522 642 malitiae
530 608 569 642 in
581 619 680 642 man-

91 662 282 696 suetudine
320 663 490 708 suscipite
526 663 680 698 insitum

90 717 243 751 uerbum
270 717 408 762 (161(β),
439 719 536 764 quod
561 723 680 764 potest

89 771 228 806 saluare
263 773 402 808 animas
436 778 581 808 uestras.
633 777 678 809 22

89 827 214 862 Estote
241 832 363 862 autem
388 829 540 864 factores
562 830 676 874 uerbi,

88 887 125 918 et
147 895 220 918 non
242 885 425 920 auditores
448 890 592 920 tantum
610 886 676 921 fal-

87 939 203 974 lentes
215 946 355 975 uosmet
363 942 467 987 ipsos.
487 945 532 976 23
545 942 676 985 Quiasi

86 995 169 1040 quis
188 995 333 1030 auditor
349 1001 402 1031 est
419 997 522 1031 uerbi
547 1002 583 1032 et
602 1009 676 1032 non

85 1049 209 1094 factor,
232 1050 291 1085 hic
319 1053 575 1098 conparabitur
595 1054 676 1088 uiro

84 1107 327 1141 consideranti
361 1108 508 1142 uultum
541 1109 674 1144 natiui-

84 1161 170 1195 tatis
183 1173 266 1196 suae
277 1162 317 1196 in
331 1163 476 1208 speculo
495 1175 502 1198 :
529 1166 574 1198 24
592 1176 674 1198 con-

84 1216 259 1252 siderauit
283 1218 381 1252 enim
393 1219 449 1263 (7)
473 1231 509 1254 se
530 1223 566 1254 et
582 1220 675 1254 abiit

82 1276 119 1306 et
148 1273 271 1306 statim
301 1273 437 1308 oblitus
469 1278 523 1309 est
556 1275 674 1321 qualis

82 1327 202 1363 fuerit.
253 1332 297 1363 25
328 1330 401 1371 Qui
429 1335 551 1365 autem
576 1343 673 1376 pers-

82 1384 225 1428 pexerit
260 1384 300 1418 in
336 1384 414 1430 lege
447 1385 605 1431 perfecta
619 1387 670 1431 (δ)

81 1438 261 1473 libertatis
290 1443 326 1474 et
358 1442 596 1485 permanserit
632 1443 672 1476 in

81 1505 122 1528 ea
132 1494 184 1539 (ε)
207 1506 281 1529 11011
305 1496 451 1530 auditor
471 1496 672 1531 obliuiosus

79 1549 196 1584 factus
222 1550 283 1585 sed
312 1550 426 1585 factor
454 1553 581 1598 operis,
611 1552 672 1587 hic

79 1604 205 1640 beatus
227 1606 267 1639 in
292 1605 386 1640 facto
411 1618 475 1641 suo
498 1608 576 1642 erit.
625 1611 670 1643 26

81 1660 121 1694 Si
155 1661 237 1706 quis
266 1666 388 1696 autem
417 1667 524 1708 putat
556 1675 592 1698 se
617 1675 670 1698 re-

78 1716 250 1761 ligiosum
275 1729 359 1761 esse,
385 1730 460 1752 non
486 1719 670 1754 refrenans

76 1772 242 1818 linguam
271 1785 373 1808 suam
406 1774 467 1808 sed
497 1775 669 1810 seducens

78 1839 138 1861 cor
155 1839 272 1872 suum,
291 1828 402 1863 huius
418 1841 512 1864 uana
535 1835 588 1865 est
615 1843 668 1865 re-

77 1882 175 1928 ligio.
226 1885 270 1919 27
302 1884 445 1930 Religio
470 1891 592 1920 autem
620 1887 667 1931 (ζ)

78 1939 215 1974 munda
248 1944 284 1974 et
316 1940 537 1976 inmaculata
570 1943 668 1988 apud

76 1994 186 2029 deum
200 1999 236 2029 et
248 1999 388 2041 patrem
401 1996 489 2031 haec
501 2001 565 2041 est,
580 1998 666 2032 uisi-

76 2053 152 2084 tare
169 2051 330 2096 pupillos
346 2056 382 2086 et
400 2052 530 2087 uiduas
546 2053 585 2087 in
603 2054 667 2088 tri-

75 2105 262 2140 bulatione
300 2118 435 2151 eorum,
474 2112 510 2142 et
525 2109 571 2153 (η)
610 2109 665 2143 in-

75 2161 299 2196 maculatum
338 2174 373 2197 se
407 2164 587 2198 custodire
620 2164 664 2199 ab

76 2216 142 2250 hoc
160 2217 310 2252 saeculo.

107 2308 150 2340 (a.)
167 2309 248 2340 Spec.
260 2310 331 2342 Aug.
348 2310 528 2336 iracundiam
537 2311 594 2337 and
605 2312 665 2337 —dia

73 2342 118 2367 for
131 2343 203 2367 iram
216 2343 273 2368 and
285 2344 339 2370 ira.

107 2376 150 2407 (β)
168 2377 198 2402 F.
214 2383 269 2402 om.
286 2378 339 2403 dei.

107 2410 149 2444 (γ)
168 2410 198 2436 F.
214 2412 316 2437 autem.

107 2445 133 2474 (δ
163 2444 244 2476 spec.
259 2445 332 2477 Aug.
348 2445 432 2476 leyem
443 2446 620 2478 perfec-tamn

106 2477 132 2508 (ε
162 2478 248 2510 Spec.
258 2479 331 2510 Aug.
344 2479 402 2504 and
415 2480 445 2505 F.
457 2487 513 2507 0111,
526 2481 557 2505 in
569 2488 609 2507 ea.

107 2511 148 2543 (ζ)
165 2511 195 2537 F.
211 2518 266 2537 0111.
281 2514 383 2539 autem.

107 2545 148 2577 (η)
167 2545 196 2571 F.
213 2552 267 2571 om.
283 2548 316 2572 et.

660 140 833 177 LATIN
863 141 1138 179 VERSIONS

894 247 1039 276 Commi(
1063 245 1132 277 Ms.

719 330 837 363 omnis
864 330 972 364 homo
1000 331 1106 365 uelox
1136 332 1181 366 ad
1208 332 1309 366 audi-

717 384 853 419 endum
873 398 881 427 3
930 386 1056 420 tardus
1096 391 1218 421 autem
1264 387 1310 421 ad

716 439 952 485 loquendum,
972 441 1096 476 tardus
1121 446 1243 476 autem
1263 442 1309 476 ad

715 495 952 530 iracundiam.
1029 499 1074 532 20
1116 497 1310 532 Iracundia

715 550 814 584 enim
842 551 915 585 uiri
940 551 1120 587 iustitiam
1146 553 1206 587 dei
1234 565 1308 588 non

716 610 894 651 operatur.
969 610 1010 641 21
1047 608 1096 642 Et
1130 608 1211 643 ideo
1248 621 1307 644 ex—

715 665 889 707 ponentes
938 674 1062 697 omnes
1104 664 1224 699 sordes
1271 668 1308 699 et

713 716 977 752 abundantiam
1030 718 1201 763 malitiae,
1243 732 1308 766 per

714 771 944 807 clementiam
967 774 1124 819 excipite
1141 775 1306 820 genitum

712 827 877 871 uerbum,
906 829 971 874 qui
997 833 1144 875 potesta
1167 830 1305 865 saluare

712 882 852 917 animas
884 888 1031 919 uestras.
1099 888 1142 919 22
1181 885 1305 920 Estote

711 942 833 972 autem
860 938 1011 974 factores
1038 940 1141 974 uerbi
1168 945 1204 975 et
1230 953 1304 975 non

711 994 894 1029 auditores
917 999 1072 1039 tantum,
1091 996 1197 1031 aliter
1222 1009 1303 1031 con-

710 1048 882 1084 siliantes.
949 1053 994 1085 23
1030 1051 1125 1094 Quia
1157 1052 1188 1086 si
1221 1053 1303 1098 quis

710 1104 857 1139 auditor
867 1105 970 1139 uerbi
981 1110 1034 1140 est
1045 1111 1080 1140 et
1091 1118 1164 1141 non
1178 1107 1301 1151 factor,

709 1159 770 1194 hic
794 1164 848 1194 est
873 1161 1003 1195 similis
1028 1161 1171 1196 homini
1191 1163 1302 1209 respi—

710 1215 820 1250 cienti
844 1216 973 1250 faciem
998 1217 1158 1252 natalisb
1183 1218 1240 1252 sui
1262 1219 1301 1252 in

709 1271 879 1316 speculo:
930 1275 975 1306 24
1009 1273 1150 1318 aspexit
1189 1285 1225 1308 se
1266 1277 1302 1308 et

709 1327 853 1361 recessit
870 1331 906 1361 et
922 1327 962 1361 in
983 1328 1185 1363 continenti
1211 1329 1300 1363 obli-

708 1386 767 1416 tus
794 1386 848 1416 est
874 1382 993 1428 qualis
1021 1388 1106 1418 erat.
1157 1387 1201 1418 25
1228 1384 1301 1427 Qui

707 1442 829 1472 autem
847 1439 1006 1484 respexit
1023 1438 1062 1472 in
1080 1439 1195 1484 legem
1218 1451 1299 1474 con—

707 1498 925 1528 summatam
952 1493 1132 1529 libertatis
1158 1500 1194 1529 et
1219 1507 1299 1541 per-

706 1560 882 1592 severans,
924 1561 999 1583 non
1043 1550 1194 1585 audiens
1237 1550 1297 1585 ob-

704 1603 856 1638 liuionis
903 1604 1030 1649 factus,
1074 1606 1135 1640 sed
1184 1605 1298 1640 factor

705 1671 866 1706 operum,
900 1660 961 1695 hic
996 1661 1123 1696 beatus
1155 1662 1225 1696 erit
1256 1663 1296 1696 in

704 1716 874 1761 operibus
907 1717 991 1752 suis.
1057 1720 1102 1752 26
1141 1717 1181 1752 Si
1214 1718 1297 1764 quis

702 1776 825 1806 autem
861 1776 968 1818 putat
1009 1785 1044 1807 se
1085 1773 1295 1819 religiosum

701 1839 786 1870 esse,
813 1839 887 1862 non
916 1828 1103 1863 infrenans
1129 1829 1294 1874 linguam

701 1894 814 1926 suam,
841 1883 902 1918 sed
929 1883 1060 1918 fallens
1089 1896 1149 1919 cor
1175 1896 1293 1928 suum,

701 1937 812 1973 huius
844 1950 939 1974 uana
970 1944 1024 1974 est
1056 1940 1193 1986 religio.
1248 1942 1291 1976 27

702 1993 844 2039 Religio
861 1998 984 2029 autem
1001 1995 1139 2030 munda
1164 2000 1200 2030 et
1224 1996 1292 2030 im-

701 2049 881 2084 maculata
892 2050 990 2096 apud
1000 2050 1192 2085 dominum
1205 2051 1293 2086 haec

700 2109 777 2139 est:
829 2105 978 2140 uisitare
1027 2105 1208 2152 orphanos
1256 2111 1293 2142 et

700 2160 830 2195 uiduas
846 2161 886 2194 in
904 2160 1141 2196 tribulatione
1155 2169 1291 2206 eorum,

700 2227 841 2251 seruare
859 2228 895 2251 se
912 2217 988 2251 sine
1009 2217 1152 2252 macula
1173 2230 1194 2252 a
1219 2230 1291 2253 sae-

700 2271 792 2306 culo.

733 2364 746 2378 α
765 2360 824 2386 MS.
838 2361 964 2391 potentie.

734 2392 748 2412 b
767 2394 823 2420 MS.
839 2395 945 2420 natali.

1679 146 1698 158 r-

1683 159 1691 183 A

1375 247 1569 279 SPECULUM
1595 256 1670 280 Am»

1396 290 1643 323 Pfflsmfflm.

1389 495 1435 527 20
1505 493 1698 529 Iracundia

1341 547 1439 581 enim
1465 549 1537 583 uiri
1563 550 1697 584 iustiti-

1341 615 1399 637 am
1423 603 1492 638 Dei
1515 616 1588 639 non
1614 617 1696 651 ope-

1341 662 1450 693 ratur.

1385 1010 1428 1042 26
1456 1008 1523 1052 (W.
1551 1020 1584 1054 p.
1610 1011 1691 1053 524)

1337 1062 1377 1097 Si
1400 1064 1482 1109 quis
1506 1068 1611 1109 putat
1636 1077 1692 1099 su-

1335 1119 1608 1164 perstitiosuml
1657 1132 1693 1155 se

1335 1185 1419 1217 esse,
1468 1186 1543 1209 non
1584 1176 1692 1210 refre-

1334 1241 1425 1264 nans
1446 1230 1610 1275 linguam
1634 1243 1691 1265 su-

1334 1296 1403 1329 am,
1455 1286 1516 1320 sed
1561 1286 1691 1321 fallens

1334 1352 1393 1374 cor
1419 1341 1553 1385 suum‚2
1581 1341 1692 1376 huius

1334 1407 1429 1430 uana
1467 1396 1594 1442 religio
1627 1402 1689 1432 est.

1334 1452 1377 1486 27
1423 1451 1491 1496 (W.
1534 1464 1568 1498 p.
1606 1455 1688 1497 411)

1333 1507 1512 1542 Sanctitas
1568 1513 1689 1542 autem

1330 1574 1423 1608 pura
1436 1567 1471 1597 et
1487 1564 1688 1598 incontam-

1330 1619 1429 1653 inata
1436 1619 1522 1653 haec
1532 1624 1585 1654 est
1592 1620 1689 1665 apud

1331 1674 1450 1708 Deum
1468 1679 1618 1720 patrem,
1634 1676 1688 1709 ui-

1330 1730 1436 1764 sitare
1470 1730 1613 1765 orfanos
1653 1735 1689 1765 et

1329 1786 1459 1820 uiduas
1470 1786 1509 1820 in
1522 1787 1688 1831 angustia

1328 1841 1490 1887 ipsorum
1511 1846 1546 1876 et
1571 1842 1686 1877 inma-

1328 1897 1449 1931 cuIatu
1454 1909 1489 1931 m
1502 1909 1536 1932 se
1545 1909 1686 1932 seruare

1326 1964 1347 1987 a
1364 1953 1511 1987 mundo.

1360 2041 1371 2060 1
1393 2041 1430 2068 So
1453 2042 1491 2073 S;
1520 2042 1683 2074 reliyiosum

1325 2075 1415 2135 Ξ’1110111
1427 2110 1589 2136 eecL-—wum
1602 2109 1631 2135 M
1642 2111 1681 2139 ψ.
