1938 3178
253 139 380 178 clxxii
675 138 790 176 THE
821 137 1049 176 EPISTLE
1079 137 1146 177 OF
1176 138 1247 176 ST.
1277 138 1462 177 JAMES

315 246 366 300 (c)
400 245 442 287 ii.
466 248 488 286 ’5
514 242 614 290 τοὺς
637 243 846 302 πτωχοὺς
869 245 929 300 τῷ
952 242 1116 299 κόσμῳ.

315 312 378 366 (cl)
410 311 467 351 iii,
496 311 519 354 7
543 313 673 352 πᾶσα
695 310 830 366 φύσις
862 309 1104 362 δαμάζεται
1137 311 1190 365 τῇ
1223 309 1371 366 φύσει,
1394 310 1453 351 iii.
1478 313 1529 351 18
1553 307 1721 364 καρπὸς
1745 308 1873 351 σπεί-

254 394 377 432 ρεται
399 381 491 423 τοῖς
516 379 723 419 ποιοῦσιν
746 375 934 430 εἰρήνην.

314 467 632 507 Instrumental.

315 545 340 586 i.
368 546 420 585 18
443 543 697 596 ἀπεκύησεν
718 542 852 598 λόγῳ,
874 543 915 586 ii.
940 545 992 585 25
1017 543 1143 602 ἑτέρᾳ
1166 542 1249 600 ὁδῷ
1271 543 1549 596 ἐκβαλοῦσα,
1573 560 1607 586 v.
1632 546 1685 585 1-1·
1708 543 1874 599 ἀλείψ-

257 628 383 656 αντες
406 610 556 663 ἐλαίῳ,
580 625 615 652 V.
641 611 694 654 17
718 613 952 668 προσευχῇ
975 610 1264 665 προσηύξατο
1288 611 1391 652 with
1421 611 1635 653 intensive
1658 612 1782 660 force,
1803 623 1874 651 see

256 682 371 719 noto.

898 768 1244 812 PREPOSITIONS.

327 827 434 868 With
455 828 693 869 accusativo.

317 913 402 955 διά.
435 914 668 967 capressinq
689 913 753 954 1}ch
773 915 950 966 [[τοιιηιῖ,
975 913 1029 954 iv.
1054 915 1078 954 2
1106 913 1186 955 οὐκ
1211 913 1338 971 ἔχετε
1361 912 1432 955 διὰ
1455 912 1504 955 τὸ
1525 912 1584 966 μὴ
1608 912 1846 955 αἰτεῖσθαι,

316 980 388 1026 εἰς.
419 980 606 1033 osplace,
627 980 652 1020 i.
677 982 729 1021 25
754 979 1033 1036 παρακύψας
1056 980 1116 1026 εἰς
1138 979 1282 1033 νόμον,
1305 980 1347 1022 ii.
1370 983 1395 1023 6
1418 979 1477 1026 εἰς
1500 979 1703 1034 κριτήρια
1719 979 1878 1028 ἕλκειν,

257 1048 311 1089 iv.
336 1049 389 1088 13
425 1044 738 1101 πορευσόμεθα
772 1045 833 1091 εἰς
861 1045 941 1098 τὴν
970 1045 1129 1088 πόλιν;
1160 1048 1210 1100 os
1233 1048 1446 1099 rffeweme,
1474 1047 1499 1088 i.
1533 1048 1585 1088 19
1616 1045 1784 1101 βραδὺς
1817 1045 1877 1091 εἰς

259 1112 405 1168 ὀργήν,
427 1112 569 1170 ταχὺς
591 1112 651 1158 εἰς
675 1111 724 1154 τὸ
747 1112 965 1154 ἀκοῦσαιτ
999 1114 1048 1166 os
1072 1114 1200 1154 result
1232 1114 1319 1154 (md
1342 1127 1535 1167 purpose,
1557 1113 1610 1155 iv.
1634 1116 1658 1155 9
1689 1113 1710 1155 ὁ
1735 1113 1877 1167 ’γέλως

258 1179 317 1226 εἰς
340 1179 499 1225 πένθος
529 1178 904 1235 μεταστραφήτω,
926 1179 950 1221 i.
976 1183 1030 1220 18
1054 1178 1311 1231 ἀπεκύησεν
1331 1180 1445 1232 ἡμᾶς
1468 1179 1528 1226 εἰς
1551 1178 1601 1221 τὸ
1624 1177 1734 1222 εἶναι
1762 1179 1876 1232 ἡμᾶς

258 1245 485 1304 ἀπαρχήν,
503 1261 539 1288 V.
565 1248 591 1288 3
622 1244 642 1287 ὁ
676 1244 739 1291 ἰὸς
772 1245 832 1291 εἰς
862 1245 1105 1301 μαρτύριον
1127 1245 1268 1296 ἔσται,
1290 1247 1339 1288 cf.
1363 1246 1489 1287 Mark
1512 1246 1596 1289 xiv.
1621 1249 1673 1288 55
1697 1245 1878 1299 ἐζήτουν

258 1313 504 1368 μαρτυρίαν
537 1312 596 1359 εἰς
625 1311 675 1354 τὸ
706 1312 978 1362 θανατῶσαι,
1002 1314 1110 1354 Aetas
1131 1313 1201 1354 vii.
1227 1315 1280 1355 19
1308 1316 1452 1355 ποιεῖν
1473 1312 1525 1354 τὰ
1549 1312 1698 1368 βρέφη
1720 1312 1879 1355 ἔκθετα

259 1380 319 1426 εἰς
343 1378 392 1422 τὸ
413 1379 473 1433 μὴ
499 1379 826 1433 ζωογονεῖσθαι,
848 1379 979 1420 found
1002 1379 1231 1434 especially
1253 1379 1297 1420 in
1321 1379 1382 1421 St.
1409 1379 1555 1420 Paul's
1578 1379 1777 1433 Epistles,
1799 1379 1878 1419 but

260 1447 361 1496 also,
383 1446 550 1501 though
580 1446 730 1500 rarely,
754 1446 798 1486 in
821 1445 1010 1487 classica]
1041 1446 1228 1495 authors,
1249 1461 1317 1498 cy.
1341 1446 1449 1487 Xen.
1471 1446 1592 1488 Mem.
1616 1446 1672 1487 iii.
1697 1448 1733 1487 6.
1762 1447 1786 1486 2
1819 1444 1879 1490 εἰς

262 1512 311 1555 τὸ
343 1513 558 1565 ἐθελῆσαι
589 1511 777 1562 ἀκούειν,
809 1512 891 1553 and
926 1511 1142 1554 Kiihner's
1174 1527 1212 1554 n.
1246 1527 1299 1553 on
1322 1512 1460 1555 Anah.
1482 1512 1568 1554 viii.
1592 1515 1629 1554 8.
1659 1514 1725 1554 20.
1787 1511 1879 1553 The

259 1596 333 1622 use
357 1580 401 1621 in
423 1580 465 1622 ii.
490 1582 544 1621 23
568 1579 788 1634 ἐλογίσθη
811 1579 872 1625 εἰς
894 1578 1182 1631 δικαιοσύνην
1205 1579 1239 1620 is
1261 1579 1529 1620 unolassical.

319 1646 407 1689 ε’πί.
437 1647 623 1701 ofplace,
649 1646 690 1688 ii.
714 1648 765 1687 21
791 1645 1026 1701 ἀνενέγκας
1052 1645 1213 1688 Ἰσαὰκ
1244 1645 1320 1688 ἐπὶ
1351 1645 1402 1687 τὸ
1433 1645 1767 1700 θυσιαστήριον,
1787 1645 1829 1687 ii.
1855 1647 1880 1687 3

260 1714 528 1766 ἐπιβλέπειν
561 1713 637 1756 ἐπὶ
670 1711 747 1755 τὸν
781 1715 1014 1769 φοροῦντα,
1045 1728 1085 1755 v.
1119 1714 1174 1754 14
1206 1712 1623 1768 προσευξάσθωσαν
1643 1712 1713 1755 ἐπ’
1735 1711 1882 1761 αὐτόν,

260 1782 320 1824 iii.
343 1781 367 1825 7
391 1779 441 1823 τὸ
463 1780 600 1834 ὄνομα
622 1778 672 1822 τὸ
694 1779 936 1831 ἐπικληθὲν
957 1779 1025 1835 ἐφ’
1049 1779 1172 1832 ὑμᾶς.

320 1848 447 1890 κατά.
479 1847 728 1902 ‘according
753 1847 821 1896 to,'
847 1847 905 1888 iii.
932 1849 956 1888 9
989 1845 1087 1888 καθ’
1120 1844 1332 1899 ὁμοίωσιν
1361 1847 1477 1888 Θεοῦ
1506 1845 1755 1900 ὙεΎονότας,
1783 1845 1825 1887 ii.
1854 1848 1881 1886 8

262 1914 376 1957 κατὰ
399 1914 482 1967 τὴν
501 1912 690 1970 νγραφήν,
712 1913 753 1955 ii.
774 1913 826 1956 17
852 1912 982 1967 νεκρά
1003 1913 1126 1955 ἐστιν
1148 1912 1246 1954 καθ’
1264 1912 1425 1965 ἑαυτήν
1447 1913 1474 1966 (‘
1488 1912 1621 1954 taken
1639 1912 1693 1966 by
1712 1911 1882 1966 itself').

320 1980 442 2036 πρός.
473 1982 524 2035 of
543 1982 654 2030 time,
685 1980 740 2021 iv.
774 1982 827 2020 14
860 1978 969 2034 πρὸς
1003 1978 1155 2033 ὀλίγον
1187 1979 1428 2035 φαινομένη
1462 1979 1778 2034 (unelassical):
1814 1979 1882 2019 ‘in

261 2049 519 2091 accordance
553 2047 684 2095 with,'
720 2047 774 2088 iv,
810 2049 834 2087 5
871 2045 980 2100 πρὸς
1015 2045 1179 2102 φθόνον
1219 2046 1430 2089 ἐπιποθεῖ
1464 2046 1769 2101 (‘jealously')‚
1811 2060 1882 2087 see

261 2116 483 2171 examples
504 2115 551 2156 of
566 2114 783 2156 adverbial
807 2129 882 2156 use
903 2114 946 2155 in
970 2114 1149 2155 Schmid
1171 2115 1422 2155 Atticismus
1443 2114 1484 2155 ii.
1507 2128 1545 2168 p.
1570 2115 1665 2155 242.

323 2181 421 2224 ὑπό.
453 2180 635 2223 ‘below’
660 2181 737 2234 (ine
759 2186 837 2221 ‘on
865 2195 891 2221 a
918 2180 1047 2221 lower
1073 2180 1184 2221 level
1212 2180 1319 2221 than.
1334 2180 1375 2233 ⁷),
1397 2180 1437 2221 ii.
1465 2183 1490 2222 3
1515 2179 1601 2222 ὑπὸ
1630 2179 1680 2222 τὸ
1710 2179 1879 2222 ὑποπό-

263 2249 378 2291 διον;
411 2254 418 2268 ‘
434 2247 593 2289 under'
629 2246 860 2302 (tropical)‚
884 2262 920 2289 V.
949 2249 1003 2288 12
1028 2245 1114 2289 ὑπὸ
1147 2247 1296 2302 κρίσιν
1322 2250 1491 2296 πεσεῖν,
1512 2247 1560 2288 cf.
1587 2246 1712 2288 Dem.
1737 2250 1801 2289 56.
1826 2248 1879 2288 59

264 2312 320 2355 τὰ
341 2313 536 2367 μέγιστα
560 2311 646 2354 ὑπὸ
668 2310 748 2364 τὴν
770 2313 857 2354 τῶν
881 2311 1181 2367 δικαστηρίων
1203 2311 1383 2369 ἔρχεται
1405 2315 1576 2368 ψῆφον.

333 2421 448 2461 With
469 2421 660 2474 yenitive.

323 2508 437 2550 ἀντί.
468 2508 661 2549 ‘instead
693 2508 759 2558 0f‚'
790 2509 844 2550 iv.
879 2511 930 2550 15
966 2507 1008 2550 οἱ
1040 2508 1244 2564 λένγοντες
1281 2505 1478 2563 Σήμερον
1514 2507 1879 2563 πορευσόμεθα...

265 2575 364 2617 ἀντὶ
387 2577 465 2616 τοῦ
487 2574 635 2628 λέγειν
660 2575 769 2627 ὑμᾶς
792 2574 898 2617 Ἐὰν
920 2581 1055 2623 κ.τ.λ.,
1078 2576 1127 2618 cf.
1153 2576 1261 2617 Xon.
1281 2577 1401 2617 Ilico:
1420 2591 1456 2616 v.
1477 2578 1495 2615 1
1523 2574 1621 2617 ἀντὶ
1644 2577 1721 2616 τοῦ
1743 2573 1883 2627 ἄνγασ-

266 2642 341 2684 θαι
373 2643 633 2696 φοβοῦνται,
661 2643 781 2683 ΛΙοηι.
806 2642 839 2682 I.
866 2644 901 2683 2.
926 2644 981 2683 64·
1011 2642 1110 2684 ἀντὶ
1134 2645 1211 2684 τοῦ
1232 2640 1292 2695 μὴ
1327 2642 1514 2694 νομίζειν
1537 2640 1674 2690 θεούς,
1696 2639 1883 2695 φανερὸς

265 2708 319 2761 ἣν
342 2707 613 2762 θεραπεύων.

324 2774 428 2816 ἀπό.
463 2772 523 2828 (α)
548 2775 704 2815 motion
715 2775 847 2828 from,
871 2775 930 2828 (b)
951 2776 1202 2828 separation,
1230 2775 1283 2828 (ι’)
1307 2775 1447 2827 oriyz'n
1468 2775 1555 2814 and
1575 2788 1704 2815 causo.
