1938 3178
226 113 399 149 ccxxviii
639 114 754 151 THE
785 114 1014 152 EPISTLE
1042 115 1110 152 OF
1140 116 1211 154 ST.
1245 117 1430 155 JAMES

363 245 370 251 .
414 221 445 251 9.
497 218 724 264 κατακριθῆτε.

367 304 373 310 .
399 280 448 311 10.
501 279 688 324 ὑπόδειγμα
707 279 753 312 δὲ.

363 363 370 370 .
393 339 445 370 10.
495 338 620 378 λάβετε
642 365 648 372 .
668 367 674 373 .
698 366 704 372 .
725 340 777 372 καὶ
794 340 853 382 τῆς
871 337 1101 382 μακροθυμίας
1119 339 1213 384 ἔχετε
1231 339 1351 383 (lectio
1369 350 1409 372 ea?
1426 338 1566 373 duabus
1584 341 1758 385 conju-sa).

365 422 371 428 .
395 397 446 430 10.
497 394 545 443 τῷ
562 396 697 441 ὀνόματι
718 397 804 440 (sine
822 397 882 441 ε’ν).

365 540 371 546 .
396 516 447 548 11.
500 515 735 557 ὑπομένοντας.

368 599 373 605 .
398 575 448 605 12.
499 573 649 618 ἀδελφοί
667 576 752 617 (om.
771 575 861 618 μου).

337 229 359 250 V

338 288 360 309 V

337 347 359 368 v

339 405 361 426 V

341 465 373 486 v.
395 457 447 490 10.
499 458 560 489 τοῦ
581 454 718 501 Κυρίου.

340 524 361 545 v

342 583 362 604 ν

340 642 374 667 v,
400 634 449 665 12.
502 632 548 668 εἷς
566 635 753 678 ὑπόκρισιν.

341 701 362 723 V

341 760 362 782 V

368 717 374 723 .
401 693 452 724 14.
503 694 562 726 τοῦ
584 693 720 737 Κυρίου.

365 776 373 784 .
399 752 450 784 15.
502 749 540 793 ἧν
552 763 620 795 pro
638 750 668 794 ἦ.

798 844 969 879 CODEX
998 844 1277 880 BOBIENSIS.

280 919 323 952 111
343 919 404 953 the
425 919 596 965 Imperial
619 920 773 965 Library
788 921 827 954 of
842 921 985 955 Vienna
1005 921 1106 955 there
1133 922 1163 955 is
1187 933 1208 955 a
1236 921 1311 956 MS.
1340 921 1497 964 volume,
1525 922 1724 957 numbered
1748 927 1788 958 16
1807 924 1845 958 in

231 966 292 1000 the
312 966 520 1010 catalogue,
540 968 659 1002 which
680 969 854 1011 contains,
873 980 1006 1011 amongr
1023 981 1043 1002 a
1060 969 1201 1013 variety
1221 969 1260 1002 os
1282 969 1387 1003 other
1404 970 1576 1012 treatises,
1596 970 1793 1013 fragments
1811 971 1850 1005 of

230 1027 249 1048 a
277 1014 628 1059 pre-Hieronymian
661 1016 769 1050 Latin
796 1016 939 1049 version
959 1016 998 1049 of
1021 1016 1082 1050 the
1109 1016 1207 1058 Acts,
1227 1016 1289 1050 the
1317 1016 1457 1062 Epistle
1479 1017 1518 1051 of
1542 1019 1593 1052 St.
1621 1014 1753 1060 dames,
1772 1019 1843 1053 and

230 1061 291 1095 the
311 1062 409 1096 First
434 1062 574 1108 Epistle
599 1063 638 1096 of
661 1063 712 1098 St.
740 1063 845 1097 Peter
868 1064 1014 1097 written
1042 1075 1087 1096 on
1114 1063 1336 1109 palimpsest.
1388 1064 1466 1097 The
1484 1065 1630 1099 volume
1650 1066 1846 1111 originally

230 1109 406 1151 belonged
425 1115 462 1143 to
480 1109 542 1143 the
563 1110 773 1155 Monastery
791 1111 831 1144 of
855 1110 1005 1152 l'mbbio,
1026 1111 1186 1145 founded
1204 1111 1252 1155 by
1272 1111 1489 1154 (folumbau,
1507 1112 1579 1146 and
1599 1124 1670 1146 was
1688 1113 1846 1157 brought

230 1157 323 1190 from
346 1157 481 1202 Naples
499 1162 535 1191 to
554 1158 699 1192 Vienna
726 1159 764 1192 in
792 1161 892 1193 1717.
944 1158 1022 1192 The
1048 1158 1246 1203 fragments
1265 1170 1356 1192 were
1382 1159 1555 1204 partially
1574 1160 1770 1206 published
1797 1161 1845 1206 by

230 1204 475 1238 Tischendorf
506 1206 543 1238 in
574 1205 635 1240 the
660 1206 911 1247 Ausci-(leolum
935 1210 972 1240 to
999 1205 1060 1239 the
1091 1206 1228 1239 Wiener
1252 1206 1482 1240 Jalaerln'lclim·
1509 1208 1572 1239 dm·
1604 1208 1789 1241 Literalur
1809 1209 1849 1242 of

234 1255 334 1294 1847,
362 1252 434 1286 and
461 1264 559 1287 more
587 1253 807 1299 completely
825 1253 871 1297 1))-
892 1253 925 1287 J.
956 1253 1151 1296 Belsheim,
1172 1253 1405 1296 Christiania,
1431 1255 1547 1289 1886.1
1597 1255 1675 1289 The
1705 1260 1783 1289 text
1810 1257 1850 1290 of

230 1299 291 1333 the
322 1299 492 1345 Epistles,
520 1305 584 1334 not
608 1301 647 1334 of
669 1300 731 1335 the
765 1301 864 1344 Acts,
886 1300 1107 1347 approaches
1132 1313 1218 1345 very
1240 1301 1367 1345 nearly
1392 1306 1429 1335 to
1458 1301 1519 1335 the
1537 1302 1704 1345 Vulgate.
1757 1303 1793 1337 It
1817 1303 1847 1337 is

231 1347 388 1381 difficult
404 1352 442 1381 to
459 1347 555 1389 read,
574 1348 646 1382 and
673 1349 712 1382 in
738 1360 835 1383 some
861 1360 1025 1394 passages
1053 1348 1151 1392 (here
1176 1349 1325 1394 printed
1351 1349 1389 1382 in
1416 1349 1549 1393 italics)
1578 1349 1685 1384 could
1712 1355 1776 1384 not
1802 1350 1844 1385 be

230 1394 457 1429 determined
476 1395 566 1429 with
585 1397 774 1440 certainty.
828 1396 844 1429 Ι
864 1396 957 1430 have
974 1396 1167 1442 preserved
1186 1396 1247 1430 the
1272 1396 1424 1442 capitals
1448 1397 1521 1431 and
1548 1398 1791 1442 punctuation
1811 1399 1850 1432 of

231 1441 294 1476 the
313 1442 479 1485 original.

280 1489 308 1523 I.
339 1490 387 1534 (1)
415 1490 573 1525 Jacobus
591 1490 628 1524 di
650 1495 685 1524 et
706 1491 770 1524 (11·11
796 1491 861 1525 iha
887 1492 951 1524 xpi
983 1502 1108 1525 servus
1134 1491 1327 1525 duodecim
1356 1495 1526 1525 tr...sunt
1556 1492 1593 1525 in
1621 1492 1846 1538 dispersione

231 1537 396 1571 salutem.
460 1538 508 1582 (2)
537 1550 644 1572 omne
678 1538 854 1582 gaudium
882 1538 1089 1572 existimate
1119 1538 1246 1572 fratres
1276 1539 1357 1572 mei.
1387 1550 1470 1573 cum
1501 1539 1540 1573 in
1568 1540 1847 1574 temtationibus

232 1585 341 1618 variis
359 1584 570 1619 incideritis.
624 1586 672 1629 (3)
701 1586 854 1620 scientes
867 1586 965 1632 quod
983 1586 1150 1632 probatio
1168 1585 1253 1619 fidei
1271 1590 1409 1620 vestrae
1427 1587 1642 1632 patientiam
1661 1593 1841 1633 operatur.

233 1633 281 1676 (4)
309 1633 487 1678 patientia
509 1638 632 1667 autem
654 1645 745 1678 opus
770 1634 973 1679 perfectum
1000 1633 1131 1668 habeat
1150 1638 1191 1667 ut
1208 1633 1287 1667 sitis
1312 1633 1462 1679 perfecti
1480 1639 1515 1668 et
1533 1635 1667 1679 integri
1684 1636 1723 1668 in
1741 1635 1846 1670 nullo

230 1679 448 1714 deficientes
502 1681 550 1724 (5)
580 1681 619 1714 Si
637 1681 720 1726 quis
737 1682 835 1715 enim
855 1686 1016 1715 vestrum
1036 1681 1176 1724 indiget
1193 1681 1371 1726 sapientia
1396 1686 1496 1727 petat
1514 1681 1573 1715 hic
1590 1694 1610 1716 a
1636 1682 1681 1716 do
1701 1683 1765 1728 qui
1783 1683 1847 1717 dat

231 1727 401 1761 omnibus
426 1726 615 1762 affluenter
631 1733 667 1762 et
684 1740 758 1762 non
784 1729 1007 1774 improperat
1032 1733 1069 1762 et
1094 1728 1243 1762 dabitur
1268 1729 1310 1762 ei.
1363 1729 1412 1773 (6)
1440 1729 1601 1774 postulet
1625 1734 1748 1764 autem
1774 1730 1845 1765 fide

230 1774 325 1809 nihil
346 1774 520 1809 dubitans
538 1776 712 1822 quoniam
731 1777 796 1822 qui
813 1776 955 1810 dubitat
970 1776 1099 1809 similis
1125 1781 1175 1809 est
1189 1776 1322 1818 fluctui
1349 1779 1461 1809 maris
1486 1777 1549 1821 qui
1567 1789 1587 1809 a
1611 1780 1707 1810 rento
1722 1779 1846 1821 fertem·

230 1835 274 1856 (ιιτ
300 1823 460 1866 defertur
491 1823 539 1866 (7)
565 1835 603 1857 ne
627 1824 857 1868 ερον-1111107110
881 1823 944 1858 illa
970 1823 1058 1867 qnid
1081 1825 1213 1867 (recipit
1236 1835 1259 1856 (ι
1279 1823 1334 1857 (Ιό.
1378 1825 1426 1867 (8)
1453 1824 1553 1857 homo
1580 1824 1718 1868 duplici
1744 1826 1846 1859 corde

231 1871 428 1904 inconstans
449 1871 483 1904 in
502 1871 660 1904 omnihus
678 1872 745 1904 viis
762 1873 844 1905 suis.
898 1872 947 1915 (9)
974 1870 1152 1915 glorietur
1168 1875 1291 1904 autem
1306 1870 1417 1905 frater
1429 1870 1584 1905 humilis
1598 1871 1635 1904 in
1647 1871 1846 1907 altitudine

231 1929 295 1952 sua
315 1918 387 1961 (10)
408 1921 443 1951 et
461 1917 563 1952 dives
589 1923 712 1952 autem
738 1919 778 1952 in
804 1918 1015 1952 humilitate
1041 1930 1106 1952 sua
1133 1918 1307 1963 quoniam
1335 1918 1430 1952 sicut
1457 1918 1522 1952 flos
1550 1918 1646 1953 faeni
1673 1919 1846 1954 transibit

233 1966 305 2009 (11)
326 1969 473 1999 exortus
491 1970 543 1999 est
561 1966 659 2000 enim
681 1965 734 2000 sol
752 1977 835 2000 cum
853 1966 979 2000 ardore
997 1966 1125 2000 arescit
1139 1966 1285 1999 faenum
1304 1971 1340 1999 et
1357 1965 1422 1999 flos
1445 1966 1475 2010 ej
1482 1977 1522 2000 us
1533 1965 1670 2000 decidit
1686 1971 1723 2001 et
1739 1967 1846 2002 decor

232 2012 359 2047 vultus
376 2013 455 2057 ejus
472 2013 639 2058 deperdit
661 2014 712 2047 ita
738 2017 773 2048 et
798 2013 901 2047 dives
926 2014 965 2047 in
993 2012 1187 2047 itineribus
1213 2013 1288 2047 suis
1313 2013 1489 2047 marescit.
1543 2014 1615 2058 (12)
1643 2013 1770 2048 beatus
1788 2015 1846 2049 vir

231 2061 296 2106 qui
315 2060 442 2095 suffert
459 2061 737 2106 temptationem
751 2062 838 2107 quia
849 2072 930 2094 cum
946 2060 1120 2106 probatus
1134 2060 1246 2094 fuerit
1262 2061 1416 2106 accipiet
1433 2072 1601 2095 coronam
1620 2061 1715 2096 vitae
1733 2073 1843 2107 quam

231 2108 440 2153 repromisit
473 2107 516 2141 ds
548 2108 790 2153 diligentibus
823 2120 858 2143 se
895 2109 967 2153 (13)
1003 2119 1110 2142 nemo
1143 2119 1226 2141 cum
1260 2112 1462 2154 temptatur
1494 2108 1592 2142 dicat
1625 2109 1712 2154 quia
1743 2121 1764 2144 a
1797 2109 1843 2143 do

231 2160 444 2202 temptatur.
511 2155 554 2190 ds
586 2157 685 2190 enim
719 2167 793 2190 non
826 2160 1024 2202 temptator
1056 2155 1237 2190 malorum
1270 2159 1333 2189 est.
1395 2156 1471 2201 ipse
1504 2160 1625 2189 autem
1660 2157 1844 2191 neminem

231 2207 398 2250 temptat.
465 2203 536 2247 (14)
574 2204 827 2249 unusquisque
861 2215 946 2237 vero
979 2207 1182 2249 temptatur
1207 2215 1228 2237 a
1256 2203 1548 2249 concupiscentia
1580 2203 1779 2238 abstractus
1815 2208 1849 2238 et

230 2250 380 2286 illectus.
434 2250 507 2295 (15)
535 2251 661 2285 deinde
693 2252 971 2295 concupiscentia
1001 2263 1079 2284 cum
1105 2252 1301 2295 conceperit
1324 2252 1425 2294 parit
1447 2255 1628 2296 peccatum
1662 2262 1741 2285 vero
1768 2263 1846 2285 cum

229 2303 509 2332 eonsuznsnmtufm
535 2303 585 2332 est
608 2303 752 2341 (fenerat
776 2303 928 2332 mortem.
983 2298 1055 2342 (16)
1082 2298 1190 2332 nolite
1219 2310 1338 2332 errare
1356 2298 1495 2342 finires
1524 2299 1591 2331 mei
1620 2298 1845 2333 dilectissime

233 2346 306 2389 (17)
335 2357 433 2379 omne
450 2346 580 2379 (Ionum
601 2346 726 2379 bonum
744 2350 774 2380 et
791 2357 888 2379 omme
905 2345 1034 2379 (Ionum
1047 2346 1241 2390 perfeetum
1260 2345 1481 2379 descendens
1497 2345 1687 2379 desursum
1704 2357 1725 2380 a
1742 2350 1844 2391 patre

231 2392 419 2427 luminum
447 2393 544 2439 apud
569 2405 678 2439 quem
701 2405 775 2426 non
802 2398 856 2427 est
877 2393 1135 2427 transmutatio
1142 2420 1227 2427 ......
1234 2393 1306 2437 (18)
1337 2392 1543 2426 voluntarie
1566 2393 1753 2436 generavit
1778 2404 1843 2428 nos

232 2440 342 2474 verbo
361 2441 526 2474 veritatis
545 2445 585 2474 ut
603 2440 716 2474 simus
734 2441 884 2474 initium
912 2440 1054 2486 aliquid
1073 2444 1256 2474 creaturae
1277 2440 1364 2483 ejus.
1415 2439 1495 2483 (19)
1520 2440 1607 2473 scite
1626 2440 1754 2474 fratres
1771 2441 1842 2475 mei

231 2487 476 2522 dilectissime.
528 2488 558 2521 si
584 2493 706 2522 autem
737 2488 856 2521 omnis
882 2487 992 2521 homo
1021 2487 1127 2521 velox
1155 2487 1200 2521 ad
1230 2487 1455 2521 audiendum
1484 2486 1610 2521 tardus
1642 2492 1764 2522 autem
1798 2487 1842 2522 ad

232 2535 459 2581 loquendum
479 2539 514 2569 et
540 2535 666 2569 tardus
690 2534 735 2569 ad
761 2535 852 2569 iram
873 2536 946 2578 (20)
967 2535 1064 2580 quod
1090 2534 1280 2569 iracundia
1305 2535 1403 2568 enim
1421 2534 1493 2568 viri
1513 2534 1697 2578 justitiam
1715 2534 1753 2568 di
1770 2546 1844 2569 non

233 2588 404 2629 operatur
433 2584 505 2625 (21)
525 2587 675 2628 propter
701 2582 799 2628 quod
826 2582 1023 2616 abicientes
1053 2593 1196 2616 onmem
1225 2581 1488 2616 inmunditiam
1516 2586 1552 2615 et
1580 2581 1842 2616 abundantiam

234 2630 394 2664 malitiae
413 2630 451 2664 in
470 2629 750 2664 mansuetudine
769 2630 940 2675 suscipite
958 2630 1111 2663 insitum
1130 2629 1283 2663 verbum
1301 2628 1399 2674 quod
1413 2633 1531 2674 potest
1548 2628 1685 2663 salvare
1702 2629 1843 2663 animas

232 2682 378 2712 vestras.
431 2679 504 2721 (22)
533 2677 657 2711 Estote
686 2681 808 2710 autem
836 2677 986 2710 factores
1004 2677 1105 2711 verbi
1136 2681 1171 2710 et
1198 2688 1271 2710 non
1294 2675 1478 2710 auditores
1502 2680 1647 2710 tantum
1674 2675 1843 2710 fallentes

232 2729 373 2759 vosmet
390 2725 495 2771 ipsos.
547 2726 622 2769 (23)
642 2724 729 2770 quia
746 2724 775 2758 si
790 2724 872 2769 quis
889 2724 1036 2758 auditor
1052 2728 1106 2758 est
1120 2723 1221 2757 verbi
1239 2728 1275 2758 et
1293 2735 1365 2757 non
1384 2723 1498 2757 factor
1514 2722 1574 2757 hie
1591 2723 1844 2758 aestimabitur

563 2798 573 2817 1
592 2799 650 2826 The
663 2799 754 2824 above
766 2799 941 2831 partioulars
954 2805 1001 2825 are
1014 2799 1103 2824 taken
1116 2799 1188 2824 from
1202 2797 1374 2824 Belsheim's
1386 2798 1500 2824 volume
