1938 3178
260 115 302 138 cc
676 104 791 141 THE
822 104 1051 142 EPISTLE
1081 105 1148 143 OF
1177 106 1247 144 ST.
1279 106 1465 144 JAMES

263 223 300 247 κ.
304 211 383 248 τ..λ
405 207 613 258 contains,
635 208 670 249 it
693 208 728 250 is
749 214 858 256 tiue,
882 225 936 267 111
946 211 1256 273 anacoluthon,
1279 212 1360 253 but
1381 212 1455 252 the
1478 212 1628 252 mind
1620 227 1654 254 13
1674 218 1751 254 not
1771 213 1878 268 kept

175 284 184 329 1
263 273 307 313 in
340 288 567 329 suspense;
600 275 705 316 each
741 275 884 317 clause
915 270 957 318 13
975 272 1246 333 intelligible
1280 279 1325 319 in
1362 279 1490 320 itself.
1551 279 1620 321 On
1654 280 1728 321 the
1755 280 1878 321 other

156 335 178 418 ξ’
248 332 394 389 hand,
417 356 479 382 we
502 341 591 382 find
613 348 837 384 sentences
858 343 905 384 of
930 349 1005 385 ten
1027 314 1167 386 lineso'
1158 360 1202 386 ln
1223 345 1298 387 the
1323 348 1389 386 lst
1419 346 1573 400 epistle
1605 346 1651 387 of
1677 346 1815 396 Peter,
1837 346 1883 387 of

263 408 417 449 twelve
453 409 562 449 lines
595 409 641 449 in
682 409 756 450 the
789 410 943 465 epistle
979 417 1022 452 to
1056 412 1131 453 the
1169 412 1389 462 Hebiews,
1410 412 1495 453 and
1529 413 1575 453 of
1613 427 1730 454 more
1771 413 1878 453 than

263 484 427 529 twenty
452 475 497 515 in
529 474 604 516 the
636 475 789 530 epistle
820 482 864 517 to
895 477 971 519 the
1004 478 1254 533 Ephesians.
1317 479 1408 520 The
1439 479 1700 534 complexity
1728 479 1776 521 of
1803 479 1878 520 the

263 547 489 583 sentences
523 541 568 582 in
599 541 720 583 these
752 543 929 597 epistles
960 544 1044 585 and
1076 545 1122 586 in
1163 545 1226 587 St.
1259 545 1400 587 Paul’s
1432 545 1627 601 writings
1659 545 1878 600 generally

262 608 393 649 arises
415 608 522 648 from
546 608 620 649 the
645 609 960 665 acculnul-ation
979 614 1043 662 ,(1)
1062 612 1113 653 οἱ
1130 612 1309 653 relative
1331 612 1506 662 clauses,
1529 627 1608 654 one
1631 613 1879 667 depending

263 690 318 715 on
340 675 534 726 another,
557 690 602 716 as
624 676 668 716 in
692 668 830 718 Celsi.
854 680 992 719 24—29
1017 677 1127 733 ὑπὲρ
1149 682 1227 720 τοῦ
1257 677 1463 732 σώματος
1486 679 1636 726 αὐτοῦ,
1659 678 1683 720 ὅ
1705 680 1829 721 ἐστιν
1851 680 1876 731 ἡ

264 742 499 794 ἐκκλησιά,
550 741 601 795 ἧς
652 742 863 796 ἐγενόμην
919 743 1118 791 διάκονος
1142 779 1150 786 .
1173 780 1180 787 .
1203 780 1211 787 .
1235 749 1327 791 τοῖς
1391 745 1533 799 ἁγίοις
1597 746 1747 793 αὐτοῦ,
1813 745 1877 791 οἷς

263 808 484 861 ἠθέλησεν
511 807 532 850 ὁ
561 808 724 863 Κύριος
758 810 975 865 γνωρίσαι
1001 812 1048 853 τί
1071 810 1120 853 τὸ
1155 815 1350 858 πλοῦτος
1385 830 1462 865 της
1489 812 1666 866 δόξης..
1682 812 1729 854 ,ὅ
1756 813 1879 855 ἐστιν

265 874 508 931 Χριστὸς..
525 876 596 918 ,ὃν
639 876 761 928 ἡμεῖς
795 877 1208 931 καταγγέλλομεν..
1226 879 1310 924 ,εἰς
1353 877 1375 921 ὃ
1417 879 1491 920 καὶ
1533 881 1688 929 κοπιῶ,
1733 880 1794 933 (2)
1837 880 1885 921 of

231 956 238 964 ·
264 943 526 998 participles,
537 942 761 998 including
780 944 996 1003 genitives
1017 945 1224 995 absolute,
1239 961 1284 987 as
1307 946 1351 986 in
1373 946 1555 988 Heb.1x.
1576 948 1630 988 6-
1634 949 1687 987 10
1710 936 1938 988 τούτων

264 1009 309 1051 δὲ
351 1009 489 1055 οὕτως
542 1010 1011 1063 κατεσκευασμένων.
1029 1011 1248 1054 ,εἰσίασιν
1291 1012 1332 1054 οἱ
1373 1011 1501 1066 ἱερεῖς
1548 1012 1627 1058 τὰς
1668 1013 1878 1067 λατρείας

263 1076 572 1122 ἐπιτελοῦντες
587 1110 595 1118 .
612 1109 620 1117 .
638 1109 646 1117 .
663 1078 795 1118 τοῦτο
818 1076 1058 1128 δηλοῦντος
1076 1081 1154 1120 τοῦ
1172 1078 1422 1131 πνεύματος
1437 1114 1445 1120 .
1460 1113 1468 1120 .
1488 1113 1494 1120 .
1511 1078 1575 1121 ἔτι
1598 1082 1675 1131 τῆς
1699 1077 1878 1133 πρώτης

264 1146 429 1196 σκηνῆς
492 1142 686 1201 ἐχούσης
749 1143 898 1197 τάξιν.
918 1178 949 1186 ..
965 1144 1064 1187 καθ’
1114 1145 1168 1198 ἣν
1219 1146 1374 1187 θυσίαι
1430 1146 1764 1200 προσφέρονται
1818 1145 1878 1198 μὴ

264 1210 500 1264 δυνάμεναι
515 1212 752 1252 τελειῶσαι
774 1209 850 1252 τὸν
866 1211 1154 1266 λατρεύοντα,
1172 1211 1263 1255 Col.
1281 1213 1322 1254 ii.
1341 1214 1479 1254 13-15
1496 1212 1880 1265 συνεζωοποίησεν

263 1278 376 1331 ἡμᾶς
409 1277 540 1333 αὐτῷ,
577 1276 878 1335 χαρισάμενος
904 1276 960 1320 τὰ
994 1277 1353 1333 παραπτώματα,
1395 1279 1647 1335 ἐξαλείψας
1689 1278 1740 1321 τὸ
1782 1280 1880 1322 καθ’

265 1345 386 1398 ἡμῶν
410 1343 708 1402 χειρόγραφον
724 1377 732 1386 .
748 1379 755 1385 .
773 1377 781 1385 .
799 1344 874 1386 καὶ
892 1345 1001 1387 αὐτὸ
1019 1346 1151 1400 ἦρκεν
1171 1346 1218 1387 ἐκ
1237 1349 1315 1388 τοῦ
1335 1345 1477 1399 μέσου
1500 1345 1807 1401 προσηλώσας
1824 1380 1831 1388 .
1847 1379 1854 1388 .
1873 1380 1881 1388 .

265 1411 675 1464 ἀπεκδυσάμενος..
691 1411 790 1453 ,καὶ
823 1411 1181 1466 ἐδειγμάτισεν..
1200 1413 1534 1467 ,θριαμβεύσας
1557 1413 1815 1472 αὐτούς-(3)
1839 1414 1887 1455 of

264 1478 573 1559 prepositional
586 1478 774 1539 phrases,
784 1493 830 1519 as
844 1479 889 1519 in
904 1479 1013 1534 Eph.
1029 1480 1054 1521 i.
1072 1482 1097 1521 3
1116 1479 1354 1535 εὐλογητὸς
1369 1478 1391 1522 ὁ
1407 1479 1558 1526 Θεὸς..
1568 1498 1613 1522 ,ο
1603 1472 1938 1534 (εὐλοῆᾆδ-ἶῖ

222 1539 226 1542 ’
264 1546 400 1598 ἡμας
402 1559 469 1588 εν
422 1543 658 1598 '‘Grati-y
663 1536 847 1604 εὐλογία
880 1545 937 1588 ἐν
971 1549 1064 1592 τοῖς
1098 1547 1376 1600 ἐπουρανίοις
1410 1547 1468 1589 ἐν
1509 1548 1693 1602 Χριστῷ
1735 1546 1880 1593 καθὼς

265 1612 501 1666 ἐξελέξατο
543 1612 656 1664 ἡμᾶς
689 1611 710 1653 ἐ
724 1630 746 1654 ν
779 1612 899 1668 αὐτῷ
939 1630 1011 1667 πρ
1026 1612 1048 1655 ὸ
1089 1615 1352 1666 καταβολῆς
1394 1613 1577 1667 κόσμου,
1615 1613 1726 1656 εἶναι
1767 1614 1881 1667 ἡμᾶς

266 1678 474 1732 ἀμώμους
509 1697 534 1720 κ
549 1696 577 1719 α
592 1696 617 1720 τ
631 1696 650 1720 ε
665 1697 687 1720 ν
702 1677 734 1719 ώ
749 1697 784 1721 π
798 1696 811 1720 ι
829 1697 850 1719 ο
866 1697 888 1721 ν
919 1679 1057 1722 αὐτοῦ
1091 1680 1111 1721 ἐ
1126 1699 1148 1722 ν
1183 1679 1350 1734 ἀγάπῃ,
1384 1681 1628 1735 προορίσας
1651 1681 1764 1733 ἡμᾶς
1797 1681 1881 1727 εἰς

269 1745 497 1788 υἱοθεσίαν
540 1745 562 1787 δ
578 1763 591 1787 ι
606 1744 634 1786 ὰ.
676 1745 828 1797 Ἰησοῦ
872 1746 954 1792 εἰς
996 1746 1144 1796 αὐτόν,
1186 1765 1211 1788 κ
1226 1765 1254 1788 α
1269 1765 1293 1788 τ
1308 1746 1335 1788 ὰ
1381 1746 1461 1799 τὴν
1506 1747 1707 1789 εὐδοκίαν
1722 1782 1729 1789 .
1747 1780 1755 1789 .
1773 1781 1781 1789 .
1798 1747 1882 1793 εἰς

268 1812 450 1855 ἔπαινον
472 1815 549 1865 τῆς
571 1812 756 1870 χάριτος
777 1812 828 1864 ἧς
851 1812 1128 1870 ἐχαρίτωσεν
1164 1815 1276 1867 ἡμᾶς
1310 1815 1330 1855 ἐ
1346 1833 1367 1856 ν
1401 1832 1426 1855 τ
1441 1818 1475 1870 ᾧ
1506 1814 1790 1870 ἠγαπημένῳ,
1825 1814 1882 1856 ἐν

266 1879 300 1936 ᾧ
323 1879 483 1938 ἔχομεν
513 1878 594 1932 τὴν
622 1878 942 1934 ἀπολύτρωσιν
976 1879 1070 1922 διὰ
1104 1883 1182 1923 τοῦ
1204 1879 1390 1934 αἵματος
1429 1881 1580 1928 αὐτοῦ,
1615 1879 1696 1932 τὴν
1718 1879 1882 1936 ἄφεσιν

268 1949 356 1989 τῶν
389 1945 776 2002 παραπτωμάτων,
811 1947 961 1988 κατὰ
995 1946 1045 1989 τὸ
1079 1951 1275 1993 πλοῦτος
1312 1951 1389 2000 τῆς
1430 1947 1614 2005 χάριτος
1648 1948 1796 1996 αὐτοῦ,
1831 1947 1882 2000 ἧς

270 2014 593 2068 ἐπερίσσευσεν
627 2031 645 2054 ε
660 2013 675 2054 ἰ
690 2031 708 2058 ς
734 2013 849 2065 ἡμᾶς
875 2014 895 2055 ἐ
910 2032 932 2055 ν
958 2014 1086 2069 πάσῃ
1109 2014 1250 2072 σοφία
1266 2049 1273 2056 .
1289 2050 1295 2056 .
1313 2049 1319 2055 .
1334 2014 1556 2068 γνωρίσας
1572 2013 1621 2056 τὸ
1637 2014 1883 2070 μυστήριον

269 2115 277 2123 .
296 2115 303 2122 .
321 2116 327 2122 .
344 2099 369 2122 κ
383 2098 411 2122 α
426 2099 451 2123 τ
465 2080 493 2122 ὰ
515 2079 595 2133 τὴν
617 2080 818 2122 εὐδοκίαν
840 2081 976 2122 αὐτοῦ
998 2080 1051 2133 ἣν
1073 2081 1284 2136 προέθετο
1307 2081 1327 2122 ἐ
1342 2100 1364 2123 ν
1385 2081 1505 2137 αὐτῷ
1525 2098 1544 2123 ε
1560 2083 1571 2123 Z
1589 2099 1609 2126 ς
1631 2081 1884 2134 οἰκονομίαν

296 2145 842 2204 ..ἀνακεφαλαιώσασθαι
869 2146 924 2189 τὰ
951 2148 1101 2190 πάντα
1133 2148 1190 2190 ἐν
1231 2149 1293 2204 τῷ
1325 2149 1519 2204 Χριστῷ,
1561 2147 1616 2189 τὰ
1658 2148 1756 2190 ἐπὶ
1790 2151 1883 2194 τοῖς

271 2215 472 2270 οὐρανοῖς
489 2214 561 2257 καὶ
587 2213 643 2256 τὰ
675 2213 771 2256 ἐπὶ
799 2217 876 2266 τῆς
894 2218 974 2268 γῆς
1001 2216 1057 2257 ἐν
1083 2215 1216 2270 αὐτῷ,
1239 2215 1259 2256 ἐ
1274 2234 1296 2256 ν
1319 2213 1351 2270 ᾦ
1377 2221 1498 2256 κ.τ.λ.
1555 2214 1660 2255 This
1681 2221 1883 2256 sentence

272 2297 371 2336 may
385 2282 510 2322 stand
537 2296 583 2322 as
604 2296 659 2322 an
682 2281 870 2335 epitome
898 2282 945 2322 os
971 2282 1045 2323 the
1074 2282 1200 2323 other
1221 2297 1334 2336 ways
1356 2282 1401 2322 in
1424 2281 1562 2322 which
1586 2281 1647 2323 St.
1671 2281 1780 2322 Paul
1802 2281 1886 2323 fills

272 2354 349 2390 out
367 2348 435 2389 his
456 2354 680 2389 sentences
699 2364 706 2388 :
729 2363 806 2402 eg.
827 2348 890 2400 (4)
913 2349 1017 2389 with
1041 2364 1176 2390 nouns
1196 2350 1237 2389 in
1257 2348 1513 2406 t't1)1)g)sipi0n7
1529 2362 1576 2389 as
1597 2346 1677 2400 τὴν
1699 2347 1886 2404 ἅφεσιν;

273 2416 335 2469 (5)
371 2415 473 2455 with
496 2415 746 2469 epexegctic
768 2414 994 2464 infinitive‚
1017 2431 1061 2456 as
1088 2415 1199 2457 εἶναι
1230 2406 1356 2468 ἡμᾶς,
1377 2413 1884 2470 ἀνακεφαλαιώσασθαι.

273 2482 335 2524 St.
364 2482 542 2529 5011193.
560 2496 616 2522 on
646 2481 722 2521 the
755 2481 878 2522 other
910 2482 1037 2531 hand,
1060 2498 1189 2524 never
1217 2482 1395 2523 1101111103
1427 2482 1501 2522 the
1534 2481 1726 2528 relative,
1756 2496 1883 2523 never

273 2564 372 2591 uses
394 2549 585 2603 genitive
607 2548 816 2597 absolute,
836 2549 939 2589 (locs
961 2555 1035 2590 not
1057 2549 1326 2590 accumulate
1344 2549 1641 2604 prepositi0ns‚
1659 2563 1704 2589 or
1721 2563 1795 2590 use
1810 2549 1884 2590 the

274 2615 524 2671 epexegetic
547 2615 870 2657 infinitive—in
891 2631 916 2656 a
931 2616 1054 2665 word,
1072 2631 1202 2657 never
1218 2616 1362 2657 allows
1377 2615 1442 2656 his
1459 2615 1668 2670 principal
1683 2620 1885 2656 sentence

216 2721 219 2724 ,
274 2689 319 2724 to
354 2684 406 2725 be
440 2683 523 2724 lost
563 2683 608 2723 in
649 2683 724 2723 the
766 2683 874 2723 rank
918 2683 1169 2725 luxuriance
1203 2684 1250 2725 of
1285 2683 1360 2724 the
1402 2682 1678 2723 subordinate
1710 2682 1886 2723 clauses.

275 2750 381 2791 This
401 2764 581 2805 appears
603 2749 765 2804 plainly
780 2749 887 2790 from
910 2749 984 2790 the
1008 2749 1224 2804 following
1245 2748 1463 2791 statistics.
1525 2747 1615 2789 The
1640 2747 1822 2789 number
1843 2747 1891 2789 of

1552 2806 1586 2810 μ
1593 2806 1680 2820 “N

1683 2819 1863 2853 Χ
